%YAML 1.1
%TAG !u! tag:unity3d.com,2011:
--- !u!1001 &100100000
Prefab:
  serializedVersion: 2
  m_Modification:
    m_TransformParent: {fileID: 0}
    m_Modifications: []
    m_RemovedComponents: []
  m_ParentPrefab: {fileID: 0}
  m_RootGameObject: {fileID: 1698646574988378}
  m_IsPrefabParent: 1
--- !u!1 &1698646574988378
GameObject:
  serializedVersion: 5
  m_Component:
  - component: {fileID: 4376368630055815}
  - component: {fileID: 114378514477488681}
  m_Layer: 18
  m_Name: QuestMap_Node_Hero
  m_TagString: Untagged
  m_Icon: {fileID: 0}
  m_NavMeshLayer: 0
  m_StaticEditorFlags: 0
  m_IsActive: 1
--- !u!4 &4376368630055815
Transform:
  m_GameObject: {fileID: 1698646574988378}
  m_LocalRotation: {x: 0.7071068, y: 0, z: 0, w: 0.7071068}
  m_LocalPosition: {x: 0, y: 0, z: 0}
  m_LocalScale: {x: 1, y: 1, z: 1}
  m_Children:
  - {fileID: 4863128921263021}
  - {fileID: 4542562659220955}
  - {fileID: 4165807000397749}
  m_Father: {fileID: 0}
  m_RootOrder: 0
  m_LocalEulerAnglesHint: {x: 90, y: 0, z: 0}
--- !u!114 &114378514477488681
MonoBehaviour:
  m_GameObject: {fileID: 1698646574988378}
  m_Enabled: 1
  m_EditorHideFlags: 0
  m_Script: {fileID: 11500000, guid: eff605db9f989ff49bab2d6acf87be94, type: 3}
  m_Name:
  m_EditorClassIdentifier:
  sortByDepth: 0
  showInPanelTool: 1
  generateNormals: 0
  depthPass: 0
  widgetsAreStatic: 0
  cullWhileDragging: 0
  worldToLocal:
    e00: 1
    e01: 0
    e02: 0
    e03: 0
    e10: 0
    e11: -1.192093E-07
    e12: 1
    e13: 0
    e20: 0
    e21: -1
    e22: -1.192093E-07
    e23: 0
    e30: 0
    e31: 0
    e32: 0
    e33: 1
  mAlpha: 1
  mDebugInfo: 1
  mClipping: 0
  mClipRange: {x: 0, y: 0, z: 0, w: 0}
  mClipSoftness: {x: 40, y: 40}
--- !u!1 &1612297920247174
GameObject:
  serializedVersion: 5
  m_Component:
  - component: {fileID: 4863128921263021}
  - component: {fileID: 65258284630894036}
  - component: {fileID: 114469193022927048}
  - component: {fileID: 114089504431461395}
  - component: {fileID: 114306644141368151}
  - component: {fileID: 114019256101443156}
  - component: {fileID: 114589718329301401}
  - component: {fileID: 114875880677740100}
  - component: {fileID: 114608117343983458}
  - component: {fileID: 114572458226543709}
  - component: {fileID: 114762366417028374}
  - component: {fileID: 114157508959094047}
  m_Layer: 18
  m_Name: QuestMap_Node
  m_TagString: Untagged
  m_Icon: {fileID: 0}
  m_NavMeshLayer: 0
  m_StaticEditorFlags: 0
  m_IsActive: 1
--- !u!4 &4863128921263021
Transform:
  m_GameObject: {fileID: 1612297920247174}
  m_LocalRotation: {x: 0, y: 0, z: 0, w: 1}
  m_LocalPosition: {x: 0, y: 0, z: 0}
  m_LocalScale: {x: 0.03, y: 0.03, z: 0.03}
  m_Children:
  - {fileID: 4591206823309579}
  - {fileID: 4872452299831962}
  - {fileID: 4831704421110547}
  - {fileID: 4370742679370017}
  m_Father: {fileID: 4376368630055815}
  m_RootOrder: 0
  m_LocalEulerAnglesHint: {x: 0, y: 0, z: 0}
--- !u!65 &65258284630894036
BoxCollider:
  m_GameObject: {fileID: 1612297920247174}
  m_Material: {fileID: 0}
  m_IsTrigger: 1
  m_Enabled: 1
  serializedVersion: 2
  m_Size: {x: 100, y: 100, z: 100}
  m_Center: {x: 0, y: 15, z: 0}
--- !u!114 &114469193022927048
MonoBehaviour:
  m_GameObject: {fileID: 1612297920247174}
  m_Enabled: 1
  m_EditorHideFlags: 0
  m_Script: {fileID: 11500000, guid: 64d33b4b677bbc8428a93b239c6e9e13, type: 3}
  m_Name:
  m_EditorClassIdentifier:
  audioClip: {fileID: 8300000, guid: ad7210dc1b911474db1b1d08efa77042, type: 3}
  trigger: 0
  volume: 1
  pitch: 1
--- !u!114 &114089504431461395
MonoBehaviour:
  m_GameObject: {fileID: 1612297920247174}
  m_Enabled: 1
  m_EditorHideFlags: 0
  m_Script: {fileID: 11500000, guid: 43c24c9702ee45d4a8a515da5a011f83, type: 3}
  m_Name:
  m_EditorClassIdentifier:
  sprite: {fileID: 0}
  mesh: {fileID: 0}
  doNotScale: 0
--- !u!114 &114306644141368151
MonoBehaviour:
  m_GameObject: {fileID: 1612297920247174}
  m_Enabled: 1
  m_EditorHideFlags: 0
  m_Script: {fileID: 11500000, guid: ce13b3e48d3c7dc45bd3f371084d5300, type: 3}
  m_Name:
  m_EditorClassIdentifier:
  stars:
  - {fileID: 114470921430137968}
  - {fileID: 114196553261547526}
  - {fileID: 114396243242188463}
  charIcon: {fileID: 114900800757887515}
  unlockedFrameIcon: {fileID: 114867432536634887}
  lockedFrameIcon: {fileID: 114473529318165649}
--- !u!114 &114019256101443156
MonoBehaviour:
  m_GameObject: {fileID: 1612297920247174}
  m_Enabled: 1
  m_EditorHideFlags: 0
  m_Script: {fileID: 11500000, guid: 0e802a3787514fd45bc1e6e655c6906a, type: 3}
  m_Name:
  m_EditorClassIdentifier:
  label:
  tweenTarget: {fileID: 0}
  tweenGroup: 0
  trigger: 0
  playDirection: 1
  resetOnPlay: 1
  ifDisabledOnPlay: 1
  disableWhenFinished: 0
  includeChildren: 0
  eventReceiver: {fileID: 0}
  callWhenFinished:
--- !u!114 &114589718329301401
MonoBehaviour:
  m_GameObject: {fileID: 1612297920247174}
  m_Enabled: 1
  m_EditorHideFlags: 0
  m_Script: {fileID: 11500000, guid: 0e802a3787514fd45bc1e6e655c6906a, type: 3}
  m_Name:
  m_EditorClassIdentifier:
  label:
  tweenTarget: {fileID: 0}
  tweenGroup: 0
  trigger: 0
  playDirection: 1
  resetOnPlay: 1
  ifDisabledOnPlay: 1
  disableWhenFinished: 0
  includeChildren: 0
  eventReceiver: {fileID: 0}
  callWhenFinished:
--- !u!114 &114875880677740100
MonoBehaviour:
  m_GameObject: {fileID: 1612297920247174}
  m_Enabled: 1
  m_EditorHideFlags: 0
  m_Script: {fileID: 11500000, guid: 469ce77e63cc56b41ba1553862a2622a, type: 3}
  m_Name:
  m_EditorClassIdentifier:
  tweenName: Pressed
  playAutomatically: 0
  delay: 0
  type: 21
  showIconInInspector: 1
  keys:
  - amount
  - time
  indexes: 0000000000000000
  metadatas:
  -
  -
  ints:
  floats:
  - 0.4
  bools:
  strings: []
  vector3s:
  - {x: 0.05, y: 0.05, z: 0.05}
  colors: []
  spaces:
  easeTypes:
  loopTypes:
  gameObjects: []
  transforms: []
  audioClips: []
  audioSources: []
  vector3Arrays: []
  transformArrays: []
  paths: []
--- !u!114 &114608117343983458
MonoBehaviour:
  m_GameObject: {fileID: 1612297920247174}
  m_Enabled: 1
  m_EditorHideFlags: 0
  m_Script: {fileID: 11500000, guid: d7ca50f79750cdf4383af949d1fa35d0, type: 3}
  m_Name:
  m_EditorClassIdentifier:
  tweenTargets:
  - {fileID: 1612297920247174}
  tweenName:
  tweenNameOnPressTrue: Pressed
  tweenNameOnPressFalse:
--- !u!114 &114572458226543709
MonoBehaviour:
  m_GameObject: {fileID: 1612297920247174}
  m_Enabled: 1
  m_EditorHideFlags: 0
  m_Script: {fileID: 11500000, guid: 469ce77e63cc56b41ba1553862a2622a, type: 3}
  m_Name:
  m_EditorClassIdentifier:
  tweenName: Released
  playAutomatically: 0
  delay: 0
  type: 30
  showIconInInspector: 1
  keys:
  - scale
  - time
  indexes: 0000000000000000
  metadatas:
  - v
  -
  ints:
  floats:
  - 0.3
  bools:
  strings: []
  vector3s:
  - {x: 1, y: 1, z: 1}
  colors: []
  spaces:
  easeTypes:
  loopTypes:
  gameObjects: []
  transforms: []
  audioClips: []
  audioSources: []
  vector3Arrays: []
  transformArrays: []
  paths: []
--- !u!114 &114762366417028374
MonoBehaviour:
  m_GameObject: {fileID: 1612297920247174}
  m_Enabled: 1
  m_EditorHideFlags: 0
  m_Script: {fileID: 11500000, guid: 469ce77e63cc56b41ba1553862a2622a, type: 3}
  m_Name:
  m_EditorClassIdentifier:
  tweenName: Spin
  playAutomatically: 0
  delay: 0
  type: 22
  showIconInInspector: 1
  keys:
  - time
  - easetype
  - y
  indexes: 000000000000000001000000
  metadatas:
  -
  -
  -
  ints:
  floats:
  - 1.5
  - 3600
  bools:
  strings: []
  vector3s: []
  colors: []
  spaces:
  easeTypes: 04000000
  loopTypes:
  gameObjects: []
  transforms: []
  audioClips: []
  audioSources: []
  vector3Arrays: []
  transformArrays: []
  paths: []
--- !u!114 &114157508959094047
MonoBehaviour:
  m_GameObject: {fileID: 1612297920247174}
  m_Enabled: 1
  m_EditorHideFlags: 0
  m_Script: {fileID: 11500000, guid: dfe9eb9ce467ac64b80844827240f0d2, type: 3}
  m_Name:
  m_EditorClassIdentifier:
  disableWhenNotSelected:
  - {fileID: 114089504431461395}
  - {fileID: 114306644141368151}
  - {fileID: 114019256101443156}
  - {fileID: 114589718329301401}
  - {fileID: 114875880677740100}
  - {fileID: 114608117343983458}
  - {fileID: 114572458226543709}
  - {fileID: 114762366417028374}
  iconWarpTween: {fileID: 0}
--- !u!1 &1362004178347499
GameObject:
  serializedVersion: 5
  m_Component:
  - component: {fileID: 4591206823309579}
  - component: {fileID: 114900800757887515}
  m_Layer: 18
  m_Name: CharIcon
  m_TagString: Untagged
  m_Icon: {fileID: 0}
  m_NavMeshLayer: 0
  m_StaticEditorFlags: 0
  m_IsActive: 1
--- !u!4 &4591206823309579
Transform:
  m_GameObject: {fileID: 1362004178347499}
  m_LocalRotation: {x: 0, y: 0, z: 0, w: 1}
  m_LocalPosition: {x: 0, y: 15, z: 0}
  m_LocalScale: {x: 128, y: 128, z: 1}
  m_Children: []
  m_Father: {fileID: 4863128921263021}
  m_RootOrder: 0
  m_LocalEulerAnglesHint: {x: 0, y: 0, z: 0}
--- !u!114 &114900800757887515
MonoBehaviour:
  m_GameObject: {fileID: 1362004178347499}
  m_Enabled: 1
  m_EditorHideFlags: 0
  m_Script: {fileID: 11500000, guid: 0fd6f77a58070074eba1f4656a61ef1b, type: 3}
  m_Name:
  m_EditorClassIdentifier:
  mColor: {r: 1, g: 1, b: 1, a: 1}
  mPivot: 4
  mDepth: -1
  mAtlas: {fileID: 114243757663128436, guid: e601b01972ec1824191c4dc0fb04c3dd, type: 2}
  mSpriteName: Portrait_Jake_Round
  mFillCenter: 1
  mType: 0
  mFillDirection: 4
  mFillAmount: 1
  mInvert: 0
--- !u!1 &1871327283823028
GameObject:
  serializedVersion: 5
  m_Component:
  - component: {fileID: 4872452299831962}
  - component: {fileID: 114867432536634887}
  m_Layer: 18
  m_Name: QuestIcon_Frame_Unlocked
  m_TagString: Untagged
  m_Icon: {fileID: 0}
  m_NavMeshLayer: 0
  m_StaticEditorFlags: 0
  m_IsActive: 1
--- !u!4 &4872452299831962
Transform:
  m_GameObject: {fileID: 1871327283823028}
  m_LocalRotation: {x: 0, y: -1.629207E-07, z: 1.629207E-07, w: 1}
  m_LocalPosition: {x: 0, y: 15, z: -1}
  m_LocalScale: {x: 210, y: 210, z: 1}
  m_Children: []
  m_Father: {fileID: 4863128921263021}
  m_RootOrder: 1
  m_LocalEulerAnglesHint: {x: -3.041621E-12, y: 1.866934E-05, z: -1.866934E-05}
--- !u!114 &114867432536634887
MonoBehaviour:
  m_GameObject: {fileID: 1871327283823028}
  m_Enabled: 1
  m_EditorHideFlags: 0
  m_Script: {fileID: 11500000, guid: 0fd6f77a58070074eba1f4656a61ef1b, type: 3}
  m_Name:
  m_EditorClassIdentifier:
  mColor: {r: 1, g: 1, b: 1, a: 1}
  mPivot: 4
  mDepth: 0
  mAtlas: {fileID: 114354261463655186, guid: e910921e32b7a8546a6dc26d33bf3d2c, type: 2}
  mSpriteName: QuestIcon_HeroBattle_Unlocked
  mFillCenter: 1
  mType: 0
  mFillDirection: 4
  mFillAmount: 1
  mInvert: 0
--- !u!1 &1466567714405829
GameObject:
  serializedVersion: 5
  m_Component:
  - component: {fileID: 4831704421110547}
  - component: {fileID: 114473529318165649}
  m_Layer: 18
  m_Name: QuestIcon_Frame_Locked
  m_TagString: Untagged
  m_Icon: {fileID: 0}
  m_NavMeshLayer: 0
  m_StaticEditorFlags: 0
  m_IsActive: 1
--- !u!4 &4831704421110547
Transform:
  m_GameObject: {fileID: 1466567714405829}
  m_LocalRotation: {x: 0, y: -1.629207E-07, z: 1.629207E-07, w: 1}
  m_LocalPosition: {x: 0, y: 15, z: -1}
  m_LocalScale: {x: 210, y: 210.0001, z: 1}
  m_Children: []
  m_Father: {fileID: 4863128921263021}
  m_RootOrder: 2
  m_LocalEulerAnglesHint: {x: -3.041621E-12, y: 1.866934E-05, z: -1.866934E-05}
--- !u!114 &114473529318165649
MonoBehaviour:
  m_GameObject: {fileID: 1466567714405829}
  m_Enabled: 1
  m_EditorHideFlags: 0
  m_Script: {fileID: 11500000, guid: 0fd6f77a58070074eba1f4656a61ef1b, type: 3}
  m_Name:
  m_EditorClassIdentifier:
  mColor: {r: 0.8156863, g: 0.5490196, b: 0.227451, a: 1}
  mPivot: 4
  mDepth: 0
  mAtlas: {fileID: 114354261463655186, guid: e910921e32b7a8546a6dc26d33bf3d2c, type: 2}
  mSpriteName: QuestIcon_HeroBattle
  mFillCenter: 1
  mType: 0
  mFillDirection: 4
  mFillAmount: 1
  mInvert: 0
--- !u!1 &1573958585081348
GameObject:
  serializedVersion: 5
  m_Component:
  - component: {fileID: 4370742679370017}
  - component: {fileID: 114678234698668524}
  - component: {fileID: 114331885378666785}
  m_Layer: 18
  m_Name: StarCount
  m_TagString: Untagged
  m_Icon: {fileID: 0}
  m_NavMeshLayer: 0
  m_StaticEditorFlags: 0
  m_IsActive: 0
--- !u!4 &4370742679370017
Transform:
  m_GameObject: {fileID: 1573958585081348}
  m_LocalRotation: {x: 0, y: -1.629207E-07, z: 0, w: 1}
  m_LocalPosition: {x: -5, y: -83.92548, z: 1.351026E-06}
  m_LocalScale: {x: 50, y: 50, z: 1}
  m_Children: []
  m_Father: {fileID: 4863128921263021}
  m_RootOrder: 3
  m_LocalEulerAnglesHint: {x: 0, y: 1.866934E-05, z: 0}
--- !u!114 &114678234698668524
MonoBehaviour:
  m_GameObject: {fileID: 1573958585081348}
  m_Enabled: 0
  m_EditorHideFlags: 0
  m_Script: {fileID: 11500000, guid: ccde8050f6cc6ac4bb11f09abff4b109, type: 3}
  m_Name:
  m_EditorClassIdentifier:
  mColor: {r: 1, g: 1, b: 1, a: 1}
  mPivot: 4
  mDepth: 1
  mFont: {fileID: 114593240536863369, guid: 897949fd8d5ad3649a5c18084e1c9359, type: 2}
  mText: 99
  mMaxLineWidth: 0
  mMaxLineHeight: 0
  mEncoding: 1
  mMaxLineCount: 0
  mPassword: 0
  mShowLastChar: 0
  mEffectStyle: 2
  mEffectColor: {r: 0, g: 0, b: 0, a: 1}
  mSymbols: 1
  mEffectDistance: {x: 3, y: 3}
  mShrinkToFit: 0
  mMaxFontSize: 128
  mLineWidth: 0
  mMultiline: 1
--- !u!114 &114331885378666785
MonoBehaviour:
  m_GameObject: {fileID: 1573958585081348}
  m_Enabled: 0
  m_EditorHideFlags: 0
  m_Script: {fileID: 11500000, guid: 6c81a0008fe062a44aed8d8fcb4b438f, type: 3}
  m_Name:
  m_EditorClassIdentifier:
--- !u!1 &1333982524998766
GameObject:
  serializedVersion: 5
  m_Component:
  - component: {fileID: 4542562659220955}
  - component: {fileID: 114743082617937103}
  m_Layer: 18
  m_Name: QuestNo
  m_TagString: Untagged
  m_Icon: {fileID: 0}
  m_NavMeshLayer: 0
  m_StaticEditorFlags: 0
  m_IsActive: 1
--- !u!4 &4542562659220955
Transform:
  m_GameObject: {fileID: 1333982524998766}
  m_LocalRotation: {x: 0, y: 0, z: 0, w: 1}
  m_LocalPosition: {x: 0, y: 3.3, z: -1.5}
  m_LocalScale: {x: 2.4, y: 2.4, z: 0.03}
  m_Children: []
  m_Father: {fileID: 4376368630055815}
  m_RootOrder: 1
  m_LocalEulerAnglesHint: {x: 0, y: 0, z: 0}
--- !u!114 &114743082617937103
MonoBehaviour:
  m_GameObject: {fileID: 1333982524998766}
  m_Enabled: 1
  m_EditorHideFlags: 0
  m_Script: {fileID: 11500000, guid: ccde8050f6cc6ac4bb11f09abff4b109, type: 3}
  m_Name:
  m_EditorClassIdentifier:
  mColor: {r: 1, g: 1, b: 1, a: 1}
  mPivot: 4
  mDepth: 1
  mFont: {fileID: 114763157611755492, guid: bde1d416987068a45aef11c41e3c4e95, type: 2}
  mText: 99
  mMaxLineWidth: 0
  mMaxLineHeight: 0
  mEncoding: 1
  mMaxLineCount: 0
  mPassword: 0
  mShowLastChar: 0
  mEffectStyle: 2
  mEffectColor: {r: 0, g: 0, b: 0, a: 1}
  mSymbols: 1
  mEffectDistance: {x: 3, y: 3}
  mShrinkToFit: 0
  mMaxFontSize: 128
  mLineWidth: 0
  mMultiline: 1
--- !u!1 &1981900992966511
GameObject:
  serializedVersion: 5
  m_Component:
  - component: {fileID: 4165807000397749}
  m_Layer: 18
  m_Name: Stars
  m_TagString: Untagged
  m_Icon: {fileID: 0}
  m_NavMeshLayer: 0
  m_StaticEditorFlags: 0
  m_IsActive: 1
--- !u!4 &4165807000397749
Transform:
  m_GameObject: {fileID: 1981900992966511}
  m_LocalRotation: {x: 0, y: 0, z: 1.331581E-07, w: 1}
  m_LocalPosition: {x: 0, y: 0.3433908, z: -0.5782338}
  m_LocalScale: {x: 3.48, y: 3.480001, z: 0.04}
  m_Children:
  - {fileID: 4982442660687681}
  - {fileID: 4014837210823714}
  - {fileID: 4225275020827906}
  m_Father: {fileID: 4376368630055815}
  m_RootOrder: 2
  m_LocalEulerAnglesHint: {x: 0, y: 0, z: -1.525879E-05}
--- !u!1 &1659105910349510
GameObject:
  serializedVersion: 5
  m_Component:
  - component: {fileID: 4982442660687681}
  - component: {fileID: 114470921430137968}
  - component: {fileID: 114857726169599009}
  m_Layer: 18
  m_Name: Star1
  m_TagString: Untagged
  m_Icon: {fileID: 0}
  m_NavMeshLayer: 0
  m_StaticEditorFlags: 0
  m_IsActive: 1
--- !u!4 &4982442660687681
Transform:
  m_GameObject: {fileID: 1659105910349510}
  m_LocalRotation: {x: 0, y: 0, z: 0, w: 1}
  m_LocalPosition: {x: -0.4, y: -0.8, z: -7.748604E-05}
  m_LocalScale: {x: 0.4, y: 0.4, z: 1}
  m_Children: []
  m_Father: {fileID: 4165807000397749}
  m_RootOrder: 0
  m_LocalEulerAnglesHint: {x: 0, y: 0, z: 0}
--- !u!114 &114470921430137968
MonoBehaviour:
  m_GameObject: {fileID: 1659105910349510}
  m_Enabled: 1
  m_EditorHideFlags: 0
  m_Script: {fileID: 11500000, guid: 0fd6f77a58070074eba1f4656a61ef1b, type: 3}
  m_Name:
  m_EditorClassIdentifier:
  mColor: {r: 1, g: 1, b: 1, a: 1}
  mPivot: 4
  mDepth: 2
  mAtlas: {fileID: 114527030562954760, guid: bffcbb1e397468d40bdee4b503815586, type: 2}
  mSpriteName: UI_Star_Full
  mFillCenter: 1
  mType: 0
  mFillDirection: 4
  mFillAmount: 1
  mInvert: 0
--- !u!114 &114857726169599009
MonoBehaviour:
  m_GameObject: {fileID: 1659105910349510}
  m_Enabled: 1
  m_EditorHideFlags: 0
  m_Script: {fileID: 11500000, guid: 469ce77e63cc56b41ba1553862a2622a, type: 3}
  m_Name:
  m_EditorClassIdentifier:
  tweenName: Completed
  playAutomatically: 0
  delay: 0
  type: 21
  showIconInInspector: 1
  keys:
  - amount
  - time
  indexes: 0000000000000000
  metadatas:
  -
  -
  ints:
  floats:
  - 1
  bools:
  strings: []
  vector3s:
  - {x: 1, y: 1, z: 1}
  colors: []
  spaces:
  easeTypes:
  loopTypes:
  gameObjects: []
  transforms: []
  audioClips: []
  audioSources: []
  vector3Arrays: []
  transformArrays: []
  paths: []
--- !u!1 &1234287443925735
GameObject:
  serializedVersion: 5
  m_Component:
  - component: {fileID: 4014837210823714}
  - component: {fileID: 114196553261547526}
  - component: {fileID: 114982782041855984}
  m_Layer: 18
  m_Name: Star2
  m_TagString: Untagged
  m_Icon: {fileID: 0}
  m_NavMeshLayer: 0
  m_StaticEditorFlags: 0
  m_IsActive: 1
--- !u!4 &4014837210823714
Transform:
  m_GameObject: {fileID: 1234287443925735}
  m_LocalRotation: {x: 0, y: 0, z: 0, w: 1}
  m_LocalPosition: {x: 0, y: -0.8, z: 0}
  m_LocalScale: {x: 0.4, y: 0.4000002, z: 1}
  m_Children: []
  m_Father: {fileID: 4165807000397749}
  m_RootOrder: 1
  m_LocalEulerAnglesHint: {x: 0, y: 0, z: 0}
--- !u!114 &114196553261547526
MonoBehaviour:
  m_GameObject: {fileID: 1234287443925735}
  m_Enabled: 1
  m_EditorHideFlags: 0
  m_Script: {fileID: 11500000, guid: 0fd6f77a58070074eba1f4656a61ef1b, type: 3}
  m_Name:
  m_EditorClassIdentifier:
  mColor: {r: 1, g: 1, b: 1, a: 1}
  mPivot: 4
  mDepth: 2
  mAtlas: {fileID: 114527030562954760, guid: bffcbb1e397468d40bdee4b503815586, type: 2}
  mSpriteName: UI_Star_Empty
  mFillCenter: 1
  mType: 0
  mFillDirection: 4
  mFillAmount: 1
  mInvert: 0
--- !u!114 &114982782041855984
MonoBehaviour:
  m_GameObject: {fileID: 1234287443925735}
  m_Enabled: 1
  m_EditorHideFlags: 0
  m_Script: {fileID: 11500000, guid: 469ce77e63cc56b41ba1553862a2622a, type: 3}
  m_Name:
  m_EditorClassIdentifier:
  tweenName: Completed
  playAutomatically: 0
  delay: 0
  type: 21
  showIconInInspector: 1
  keys:
  - amount
  - time
  indexes: 0000000000000000
  metadatas:
  -
  -
  ints:
  floats:
  - 1
  bools:
  strings: []
  vector3s:
  - {x: 1, y: 1, z: 1}
  colors: []
  spaces:
  easeTypes:
  loopTypes:
  gameObjects: []
  transforms: []
  audioClips: []
  audioSources: []
  vector3Arrays: []
  transformArrays: []
  paths: []
--- !u!1 &1005696957988587
GameObject:
  serializedVersion: 5
  m_Component:
  - component: {fileID: 4225275020827906}
  - component: {fileID: 114396243242188463}
  - component: {fileID: 114512539862309937}
  m_Layer: 18
  m_Name: Star3
  m_TagString: Untagged
  m_Icon: {fileID: 0}
  m_NavMeshLayer: 0
  m_StaticEditorFlags: 0
  m_IsActive: 1
--- !u!4 &4225275020827906
Transform:
  m_GameObject: {fileID: 1005696957988587}
  m_LocalRotation: {x: 0, y: 0, z: 0, w: 1}
  m_LocalPosition: {x: 0.4, y: -0.8, z: 0}
  m_LocalScale: {x: 0.4, y: 0.4000002, z: 1}
  m_Children: []
  m_Father: {fileID: 4165807000397749}
  m_RootOrder: 2
  m_LocalEulerAnglesHint: {x: 0, y: 0, z: 0}
--- !u!114 &114396243242188463
MonoBehaviour:
  m_GameObject: {fileID: 1005696957988587}
  m_Enabled: 1
  m_EditorHideFlags: 0
  m_Script: {fileID: 11500000, guid: 0fd6f77a58070074eba1f4656a61ef1b, type: 3}
  m_Name:
  m_EditorClassIdentifier:
  mColor: {r: 1, g: 1, b: 1, a: 1}
  mPivot: 4
  mDepth: 2
  mAtlas: {fileID: 114527030562954760, guid: bffcbb1e397468d40bdee4b503815586, type: 2}
  mSpriteName: UI_Star_Empty
  mFillCenter: 1
  mType: 0
  mFillDirection: 4
  mFillAmount: 1
  mInvert: 0
--- !u!114 &114512539862309937
MonoBehaviour:
  m_GameObject: {fileID: 1005696957988587}
  m_Enabled: 1
  m_EditorHideFlags: 0
  m_Script: {fileID: 11500000, guid: 469ce77e63cc56b41ba1553862a2622a, type: 3}
  m_Name:
  m_EditorClassIdentifier:
  tweenName: Completed
  playAutomatically: 0
  delay: 0
  type: 21
  showIconInInspector: 1
  keys:
  - amount
  - time
  indexes: 0000000000000000
  metadatas:
  -
  -
  ints:
  floats:
  - 1
  bools:
  strings: []
  vector3s:
  - {x: 1, y: 1, z: 1}
  colors: []
  spaces:
  easeTypes:
  loopTypes:
  gameObjects: []
  transforms: []
  audioClips: []
  audioSources: []
  vector3Arrays: []
  transformArrays: []
  paths: []
