%YAML 1.1
%TAG !u! tag:unity3d.com,2011:
--- !u!1001 &100100000
Prefab:
  serializedVersion: 2
  m_Modification:
    m_TransformParent: {fileID: 0}
    m_Modifications: []
    m_RemovedComponents: []
  m_ParentPrefab: {fileID: 0}
  m_RootGameObject: {fileID: 1514567256772463}
  m_IsPrefabParent: 1
--- !u!1 &1514567256772463
GameObject:
  serializedVersion: 5
  m_Component:
  - component: {fileID: 4730393806464826}
  m_Layer: 0
  m_Name: BeachParty_Table
  m_TagString: Untagged
  m_Icon: {fileID: 0}
  m_NavMeshLayer: 0
  m_StaticEditorFlags: 0
  m_IsActive: 1
--- !u!4 &4730393806464826
Transform:
  m_GameObject: {fileID: 1514567256772463}
  m_LocalRotation: {x: 0, y: 0, z: 0, w: 1}
  m_LocalPosition: {x: 0, y: 0, z: 0}
  m_LocalScale: {x: 1, y: 1, z: 1}
  m_Children:
  - {fileID: 4402701637422130}
  m_Father: {fileID: 0}
  m_RootOrder: 0
  m_LocalEulerAnglesHint: {x: 0, y: 0, z: 0}
--- !u!1 &1270576775603635
GameObject:
  serializedVersion: 5
  m_Component:
  - component: {fileID: 4402701637422130}
  - component: {fileID: 111084188215806233}
  m_Layer: 0
  m_Name: BeachParty_Table
  m_TagString: Untagged
  m_Icon: {fileID: 0}
  m_NavMeshLayer: 0
  m_StaticEditorFlags: 0
  m_IsActive: 1
--- !u!4 &4402701637422130
Transform:
  m_GameObject: {fileID: 1270576775603635}
  m_LocalRotation: {x: 0, y: 0, z: 0, w: 1}
  m_LocalPosition: {x: 0, y: 0, z: 0}
  m_LocalScale: {x: 1, y: 1, z: 1}
  m_Children:
  - {fileID: 4631593084019102}
  - {fileID: 4222363081642268}
  - {fileID: 4196842534237879}
  - {fileID: 4092334500687588}
  m_Father: {fileID: 4730393806464826}
  m_RootOrder: 0
  m_LocalEulerAnglesHint: {x: 0, y: 0, z: 0}
--- !u!111 &111084188215806233
Animation:
  m_GameObject: {fileID: 1270576775603635}
  m_Enabled: 1
  serializedVersion: 3
  m_Animation: {fileID: 0}
  m_Animations: []
  m_WrapMode: 0
  m_PlayAutomatically: 1
  m_AnimatePhysics: 0
  m_CullingType: 0
--- !u!1 &1459069803939040
GameObject:
  serializedVersion: 5
  m_Component:
  - component: {fileID: 4631593084019102}
  - component: {fileID: 33220611798121702}
  - component: {fileID: 23946742399150064}
  m_Layer: 0
  m_Name: BeachParty_Shadow
  m_TagString: Untagged
  m_Icon: {fileID: 0}
  m_NavMeshLayer: 0
  m_StaticEditorFlags: 0
  m_IsActive: 1
--- !u!4 &4631593084019102
Transform:
  m_GameObject: {fileID: 1459069803939040}
  m_LocalRotation: {x: -0.7071068, y: 0, z: 0, w: 0.7071068}
  m_LocalPosition: {x: 0, y: 0, z: 0}
  m_LocalScale: {x: 1, y: 1, z: 1}
  m_Children: []
  m_Father: {fileID: 4402701637422130}
  m_RootOrder: 0
  m_LocalEulerAnglesHint: {x: -90, y: 0, z: 0}
--- !u!33 &33220611798121702
MeshFilter:
  m_GameObject: {fileID: 1459069803939040}
  m_Mesh: {fileID: 4300000, guid: c5a4b3c7e06b85146a4bf7922dd94f40, type: 2}
--- !u!23 &23946742399150064
MeshRenderer:
  m_GameObject: {fileID: 1459069803939040}
  m_Enabled: 1
  m_CastShadows: 1
  m_ReceiveShadows: 1
  m_DynamicOccludee: 1
  m_MotionVectors: 1
  m_LightProbeUsage: 0
  m_ReflectionProbeUsage: 1
  m_Materials:
  - {fileID: 2100000, guid: f0982fa46929d4e47b68f4e490d22ac4, type: 2}
  m_StaticBatchInfo:
    firstSubMesh: 0
    subMeshCount: 0
  m_StaticBatchRoot: {fileID: 0}
  m_ProbeAnchor: {fileID: 0}
  m_LightProbeVolumeOverride: {fileID: 0}
  m_ScaleInLightmap: 1
  m_PreserveUVs: 0
  m_IgnoreNormalsForChartDetection: 0
  m_ImportantGI: 0
  m_StitchLightmapSeams: 0
  m_SelectedEditorRenderState: 3
  m_MinimumChartSize: 4
  m_AutoUVMaxDistance: 0.5
  m_AutoUVMaxAngle: 89
  m_LightmapParameters: {fileID: 0}
  m_SortingLayerID: 0
  m_SortingLayer: 0
  m_SortingOrder: 0
--- !u!1 &1480285926252694
GameObject:
  serializedVersion: 5
  m_Component:
  - component: {fileID: 4222363081642268}
  - component: {fileID: 33866596931574952}
  - component: {fileID: 23639722995087866}
  m_Layer: 0
  m_Name: BeachParty_Table
  m_TagString: Untagged
  m_Icon: {fileID: 0}
  m_NavMeshLayer: 0
  m_StaticEditorFlags: 0
  m_IsActive: 1
--- !u!4 &4222363081642268
Transform:
  m_GameObject: {fileID: 1480285926252694}
  m_LocalRotation: {x: -0.7071068, y: 0, z: 0, w: 0.7071068}
  m_LocalPosition: {x: 0, y: 0, z: 0}
  m_LocalScale: {x: 1, y: 1, z: 1}
  m_Children: []
  m_Father: {fileID: 4402701637422130}
  m_RootOrder: 1
  m_LocalEulerAnglesHint: {x: -90, y: 0, z: 0}
--- !u!33 &33866596931574952
MeshFilter:
  m_GameObject: {fileID: 1480285926252694}
  m_Mesh: {fileID: 4300000, guid: c77c70146f0c46f4aa2997d272d48e49, type: 2}
--- !u!23 &23639722995087866
MeshRenderer:
  m_GameObject: {fileID: 1480285926252694}
  m_Enabled: 1
  m_CastShadows: 1
  m_ReceiveShadows: 1
  m_DynamicOccludee: 1
  m_MotionVectors: 1
  m_LightProbeUsage: 0
  m_ReflectionProbeUsage: 1
  m_Materials:
  - {fileID: 2100000, guid: d2c4b7d1a3b21324087d9aa0bbfa9289, type: 2}
  m_StaticBatchInfo:
    firstSubMesh: 0
    subMeshCount: 0
  m_StaticBatchRoot: {fileID: 0}
  m_ProbeAnchor: {fileID: 0}
  m_LightProbeVolumeOverride: {fileID: 0}
  m_ScaleInLightmap: 1
  m_PreserveUVs: 0
  m_IgnoreNormalsForChartDetection: 0
  m_ImportantGI: 0
  m_StitchLightmapSeams: 0
  m_SelectedEditorRenderState: 3
  m_MinimumChartSize: 4
  m_AutoUVMaxDistance: 0.5
  m_AutoUVMaxAngle: 89
  m_LightmapParameters: {fileID: 0}
  m_SortingLayerID: 0
  m_SortingLayer: 0
  m_SortingOrder: 0
--- !u!1 &1373176730586141
GameObject:
  serializedVersion: 5
  m_Component:
  - component: {fileID: 4196842534237879}
  - component: {fileID: 33718896863831212}
  - component: {fileID: 23481186453753012}
  - component: {fileID: 114188409592176456}
  m_Layer: 0
  m_Name: BeachParty_Table_Objects
  m_TagString: Untagged
  m_Icon: {fileID: 0}
  m_NavMeshLayer: 0
  m_StaticEditorFlags: 0
  m_IsActive: 1
--- !u!4 &4196842534237879
Transform:
  m_GameObject: {fileID: 1373176730586141}
  m_LocalRotation: {x: -0.7071068, y: 0, z: 0, w: 0.7071068}
  m_LocalPosition: {x: 0, y: 0, z: 0}
  m_LocalScale: {x: 1, y: 1, z: 1}
  m_Children: []
  m_Father: {fileID: 4402701637422130}
  m_RootOrder: 2
  m_LocalEulerAnglesHint: {x: -90, y: 0, z: 0}
--- !u!33 &33718896863831212
MeshFilter:
  m_GameObject: {fileID: 1373176730586141}
  m_Mesh: {fileID: 4300000, guid: 7f065a2ed7828f44eaf86ae1a7f9b471, type: 2}
--- !u!23 &23481186453753012
MeshRenderer:
  m_GameObject: {fileID: 1373176730586141}
  m_Enabled: 1
  m_CastShadows: 1
  m_ReceiveShadows: 1
  m_DynamicOccludee: 1
  m_MotionVectors: 1
  m_LightProbeUsage: 0
  m_ReflectionProbeUsage: 1
  m_Materials:
  - {fileID: 2100000, guid: e874db1aa106a1c43a4a4dfef14f99a8, type: 2}
  m_StaticBatchInfo:
    firstSubMesh: 0
    subMeshCount: 0
  m_StaticBatchRoot: {fileID: 0}
  m_ProbeAnchor: {fileID: 0}
  m_LightProbeVolumeOverride: {fileID: 0}
  m_ScaleInLightmap: 1
  m_PreserveUVs: 0
  m_IgnoreNormalsForChartDetection: 0
  m_ImportantGI: 0
  m_StitchLightmapSeams: 0
  m_SelectedEditorRenderState: 3
  m_MinimumChartSize: 4
  m_AutoUVMaxDistance: 0.5
  m_AutoUVMaxAngle: 89
  m_LightmapParameters: {fileID: 0}
  m_SortingLayerID: 0
  m_SortingLayer: 0
  m_SortingOrder: 0
--- !u!114 &114188409592176456
MonoBehaviour:
  m_GameObject: {fileID: 1373176730586141}
  m_Enabled: 1
  m_EditorHideFlags: 0
  m_Script: {fileID: 11500000, guid: c512d0d249a523549a91f2155931172b, type: 3}
  m_Name:
  m_EditorClassIdentifier:
  perfEvent: 1
  disableCamera: 0
  disableObject: 1
  disableRenderers: 0
  disableUIPanels: 0
--- !u!1 &1524625626866253
GameObject:
  serializedVersion: 5
  m_Component:
  - component: {fileID: 4092334500687588}
  - component: {fileID: 33674916096284341}
  - component: {fileID: 23814036859776960}
  - component: {fileID: 114482908140783438}
  m_Layer: 0
  m_Name: BeachParty_Table_Shadow
  m_TagString: Untagged
  m_Icon: {fileID: 0}
  m_NavMeshLayer: 0
  m_StaticEditorFlags: 0
  m_IsActive: 1
--- !u!4 &4092334500687588
Transform:
  m_GameObject: {fileID: 1524625626866253}
  m_LocalRotation: {x: -0.7071068, y: 0, z: 0, w: 0.7071068}
  m_LocalPosition: {x: 0, y: 0, z: 0}
  m_LocalScale: {x: 1, y: 1, z: 1}
  m_Children: []
  m_Father: {fileID: 4402701637422130}
  m_RootOrder: 3
  m_LocalEulerAnglesHint: {x: -90, y: 0, z: 0}
--- !u!33 &33674916096284341
MeshFilter:
  m_GameObject: {fileID: 1524625626866253}
  m_Mesh: {fileID: 4300000, guid: 1e5ec6ddd3e48b74993ab1061413e7ab, type: 2}
--- !u!23 &23814036859776960
MeshRenderer:
  m_GameObject: {fileID: 1524625626866253}
  m_Enabled: 1
  m_CastShadows: 1
  m_ReceiveShadows: 1
  m_DynamicOccludee: 1
  m_MotionVectors: 1
  m_LightProbeUsage: 0
  m_ReflectionProbeUsage: 1
  m_Materials:
  - {fileID: 2100000, guid: f0982fa46929d4e47b68f4e490d22ac4, type: 2}
  m_StaticBatchInfo:
    firstSubMesh: 0
    subMeshCount: 0
  m_StaticBatchRoot: {fileID: 0}
  m_ProbeAnchor: {fileID: 0}
  m_LightProbeVolumeOverride: {fileID: 0}
  m_ScaleInLightmap: 1
  m_PreserveUVs: 0
  m_IgnoreNormalsForChartDetection: 0
  m_ImportantGI: 0
  m_StitchLightmapSeams: 0
  m_SelectedEditorRenderState: 3
  m_MinimumChartSize: 4
  m_AutoUVMaxDistance: 0.5
  m_AutoUVMaxAngle: 89
  m_LightmapParameters: {fileID: 0}
  m_SortingLayerID: 0
  m_SortingLayer: 0
  m_SortingOrder: 0
--- !u!114 &114482908140783438
MonoBehaviour:
  m_GameObject: {fileID: 1524625626866253}
  m_Enabled: 1
  m_EditorHideFlags: 0
  m_Script: {fileID: 11500000, guid: c512d0d249a523549a91f2155931172b, type: 3}
  m_Name:
  m_EditorClassIdentifier:
  perfEvent: 1
  disableCamera: 0
  disableObject: 1
  disableRenderers: 0
  disableUIPanels: 0
