%YAML 1.1
%TAG !u! tag:unity3d.com,2011:
--- !u!1001 &100100000
Prefab:
  serializedVersion: 2
  m_Modification:
    m_TransformParent: {fileID: 0}
    m_Modifications: []
    m_RemovedComponents: []
  m_ParentPrefab: {fileID: 0}
  m_RootGameObject: {fileID: 1721905432744493}
  m_IsPrefabParent: 1
--- !u!1 &1721905432744493
GameObject:
  serializedVersion: 5
  m_Component:
  - component: {fileID: 4597899341932676}
  - component: {fileID: 114110330547487621}
  m_Layer: 0
  m_Name: BeachParty
  m_TagString: Untagged
  m_Icon: {fileID: 0}
  m_NavMeshLayer: 0
  m_StaticEditorFlags: 0
  m_IsActive: 1
--- !u!4 &4597899341932676
Transform:
  m_GameObject: {fileID: 1721905432744493}
  m_LocalRotation: {x: 0, y: 0, z: 0, w: 1}
  m_LocalPosition: {x: 0, y: 0, z: 0}
  m_LocalScale: {x: 1, y: 1, z: 1}
  m_Children:
  - {fileID: 4117791869109634}
  m_Father: {fileID: 0}
  m_RootOrder: 0
  m_LocalEulerAnglesHint: {x: 0, y: 0, z: 0}
--- !u!114 &114110330547487621
MonoBehaviour:
  m_GameObject: {fileID: 1721905432744493}
  m_Enabled: 1
  m_EditorHideFlags: 0
  m_Script: {fileID: 11500000, guid: c512d0d249a523549a91f2155931172b, type: 3}
  m_Name:
  m_EditorClassIdentifier:
  perfEvent: 1
  disableCamera: 0
  disableObject: 1
  disableRenderers: 0
  disableUIPanels: 0
--- !u!1 &1663164970780965
GameObject:
  serializedVersion: 5
  m_Component:
  - component: {fileID: 4117791869109634}
  - component: {fileID: 111076721753124322}
  m_Layer: 0
  m_Name: BeachParty
  m_TagString: Untagged
  m_Icon: {fileID: 0}
  m_NavMeshLayer: 0
  m_StaticEditorFlags: 0
  m_IsActive: 1
--- !u!4 &4117791869109634
Transform:
  m_GameObject: {fileID: 1663164970780965}
  m_LocalRotation: {x: 0, y: 0, z: 0, w: 1}
  m_LocalPosition: {x: 0, y: 0, z: 0}
  m_LocalScale: {x: 1, y: 1, z: 1}
  m_Children:
  - {fileID: 4893588481682337}
  - {fileID: 4612070888276634}
  - {fileID: 4091947773994167}
  - {fileID: 4193944405365752}
  - {fileID: 4986491387634457}
  - {fileID: 4811875689698020}
  - {fileID: 4194343158721581}
  m_Father: {fileID: 4597899341932676}
  m_RootOrder: 0
  m_LocalEulerAnglesHint: {x: 0, y: 0, z: 0}
--- !u!111 &111076721753124322
Animation:
  m_GameObject: {fileID: 1663164970780965}
  m_Enabled: 1
  serializedVersion: 3
  m_Animation: {fileID: 0}
  m_Animations: []
  m_WrapMode: 0
  m_PlayAutomatically: 1
  m_AnimatePhysics: 0
  m_CullingType: 0
--- !u!1 &1380715048130418
GameObject:
  serializedVersion: 5
  m_Component:
  - component: {fileID: 4893588481682337}
  - component: {fileID: 33364872420415734}
  - component: {fileID: 23098495322286069}
  m_Layer: 0
  m_Name: BeachParty_Atlas_01
  m_TagString: Untagged
  m_Icon: {fileID: 0}
  m_NavMeshLayer: 0
  m_StaticEditorFlags: 0
  m_IsActive: 1
--- !u!4 &4893588481682337
Transform:
  m_GameObject: {fileID: 1380715048130418}
  m_LocalRotation: {x: -0.7071068, y: 0, z: 0, w: 0.7071068}
  m_LocalPosition: {x: 0, y: 0, z: 0}
  m_LocalScale: {x: 1, y: 1, z: 1}
  m_Children: []
  m_Father: {fileID: 4117791869109634}
  m_RootOrder: 0
  m_LocalEulerAnglesHint: {x: -90, y: 0, z: 0}
--- !u!33 &33364872420415734
MeshFilter:
  m_GameObject: {fileID: 1380715048130418}
  m_Mesh: {fileID: 4300000, guid: a204d059ee494b449ba87ec6bf82a8df, type: 2}
--- !u!23 &23098495322286069
MeshRenderer:
  m_GameObject: {fileID: 1380715048130418}
  m_Enabled: 1
  m_CastShadows: 1
  m_ReceiveShadows: 1
  m_DynamicOccludee: 1
  m_MotionVectors: 1
  m_LightProbeUsage: 0
  m_ReflectionProbeUsage: 1
  m_Materials:
  - {fileID: 2100000, guid: 8e15170c50565454092a54057ab8d15d, type: 2}
  m_StaticBatchInfo:
    firstSubMesh: 0
    subMeshCount: 0
  m_StaticBatchRoot: {fileID: 0}
  m_ProbeAnchor: {fileID: 0}
  m_LightProbeVolumeOverride: {fileID: 0}
  m_ScaleInLightmap: 1
  m_PreserveUVs: 0
  m_IgnoreNormalsForChartDetection: 0
  m_ImportantGI: 0
  m_StitchLightmapSeams: 0
  m_SelectedEditorRenderState: 3
  m_MinimumChartSize: 4
  m_AutoUVMaxDistance: 0.5
  m_AutoUVMaxAngle: 89
  m_LightmapParameters: {fileID: 0}
  m_SortingLayerID: 0
  m_SortingLayer: 0
  m_SortingOrder: 0
--- !u!1 &1970702400230978
GameObject:
  serializedVersion: 5
  m_Component:
  - component: {fileID: 4612070888276634}
  - component: {fileID: 33363397147114805}
  - component: {fileID: 23714688927664927}
  m_Layer: 0
  m_Name: BeachParty_Atlas_02
  m_TagString: Untagged
  m_Icon: {fileID: 0}
  m_NavMeshLayer: 0
  m_StaticEditorFlags: 0
  m_IsActive: 1
--- !u!4 &4612070888276634
Transform:
  m_GameObject: {fileID: 1970702400230978}
  m_LocalRotation: {x: -0.7071068, y: 0, z: 0, w: 0.7071068}
  m_LocalPosition: {x: 0, y: 0, z: 0}
  m_LocalScale: {x: 1, y: 1, z: 1}
  m_Children: []
  m_Father: {fileID: 4117791869109634}
  m_RootOrder: 1
  m_LocalEulerAnglesHint: {x: -90, y: 0, z: 0}
--- !u!33 &33363397147114805
MeshFilter:
  m_GameObject: {fileID: 1970702400230978}
  m_Mesh: {fileID: 4300000, guid: 25df4f72739595c4c8be6d2a76eada47, type: 2}
--- !u!23 &23714688927664927
MeshRenderer:
  m_GameObject: {fileID: 1970702400230978}
  m_Enabled: 1
  m_CastShadows: 1
  m_ReceiveShadows: 1
  m_DynamicOccludee: 1
  m_MotionVectors: 1
  m_LightProbeUsage: 0
  m_ReflectionProbeUsage: 1
  m_Materials:
  - {fileID: 2100000, guid: f814195f197a8764aaeaf0191ff352b5, type: 2}
  m_StaticBatchInfo:
    firstSubMesh: 0
    subMeshCount: 0
  m_StaticBatchRoot: {fileID: 0}
  m_ProbeAnchor: {fileID: 0}
  m_LightProbeVolumeOverride: {fileID: 0}
  m_ScaleInLightmap: 1
  m_PreserveUVs: 0
  m_IgnoreNormalsForChartDetection: 0
  m_ImportantGI: 0
  m_StitchLightmapSeams: 0
  m_SelectedEditorRenderState: 3
  m_MinimumChartSize: 4
  m_AutoUVMaxDistance: 0.5
  m_AutoUVMaxAngle: 89
  m_LightmapParameters: {fileID: 0}
  m_SortingLayerID: 0
  m_SortingLayer: 0
  m_SortingOrder: 0
--- !u!1 &1424938386854482
GameObject:
  serializedVersion: 5
  m_Component:
  - component: {fileID: 4091947773994167}
  - component: {fileID: 33544869409976626}
  - component: {fileID: 23823222632508155}
  - component: {fileID: 114206695419865064}
  m_Layer: 0
  m_Name: BeachParty_Ocean
  m_TagString: Untagged
  m_Icon: {fileID: 0}
  m_NavMeshLayer: 0
  m_StaticEditorFlags: 0
  m_IsActive: 1
--- !u!4 &4091947773994167
Transform:
  m_GameObject: {fileID: 1424938386854482}
  m_LocalRotation: {x: -0.7071068, y: 0, z: 0, w: 0.7071068}
  m_LocalPosition: {x: 0, y: 0, z: 0}
  m_LocalScale: {x: 1, y: 1, z: 1}
  m_Children: []
  m_Father: {fileID: 4117791869109634}
  m_RootOrder: 2
  m_LocalEulerAnglesHint: {x: -90, y: 0, z: 0}
--- !u!33 &33544869409976626
MeshFilter:
  m_GameObject: {fileID: 1424938386854482}
  m_Mesh: {fileID: 4300000, guid: 25c4768051d38434aa14fd5dcb19236f, type: 2}
--- !u!23 &23823222632508155
MeshRenderer:
  m_GameObject: {fileID: 1424938386854482}
  m_Enabled: 1
  m_CastShadows: 1
  m_ReceiveShadows: 1
  m_DynamicOccludee: 1
  m_MotionVectors: 1
  m_LightProbeUsage: 0
  m_ReflectionProbeUsage: 1
  m_Materials:
  - {fileID: 2100000, guid: c12edd05daaf48e43a02e3d9ffe90e69, type: 2}
  m_StaticBatchInfo:
    firstSubMesh: 0
    subMeshCount: 0
  m_StaticBatchRoot: {fileID: 0}
  m_ProbeAnchor: {fileID: 0}
  m_LightProbeVolumeOverride: {fileID: 0}
  m_ScaleInLightmap: 1
  m_PreserveUVs: 0
  m_IgnoreNormalsForChartDetection: 0
  m_ImportantGI: 0
  m_StitchLightmapSeams: 0
  m_SelectedEditorRenderState: 3
  m_MinimumChartSize: 4
  m_AutoUVMaxDistance: 0.5
  m_AutoUVMaxAngle: 89
  m_LightmapParameters: {fileID: 0}
  m_SortingLayerID: 0
  m_SortingLayer: 0
  m_SortingOrder: 0
--- !u!114 &114206695419865064
MonoBehaviour:
  m_GameObject: {fileID: 1424938386854482}
  m_Enabled: 1
  m_EditorHideFlags: 0
  m_Script: {fileID: 11500000, guid: 97631396cde087a4e9d525919fddd2d7, type: 3}
  m_Name:
  m_EditorClassIdentifier:
  materialIndex: 0
  uvAnimationRate: {x: 0.1, y: 0.25}
  textureName: _MainTex
--- !u!1 &1147614708279597
GameObject:
  serializedVersion: 5
  m_Component:
  - component: {fileID: 4193944405365752}
  - component: {fileID: 33614152418836083}
  - component: {fileID: 23451684104329511}
  m_Layer: 0
  m_Name: BeachParty_Sand_01
  m_TagString: Untagged
  m_Icon: {fileID: 0}
  m_NavMeshLayer: 0
  m_StaticEditorFlags: 0
  m_IsActive: 1
--- !u!4 &4193944405365752
Transform:
  m_GameObject: {fileID: 1147614708279597}
  m_LocalRotation: {x: -0.7071068, y: 0, z: 0, w: 0.7071068}
  m_LocalPosition: {x: 0, y: 0, z: 0}
  m_LocalScale: {x: 1, y: 1, z: 1}
  m_Children: []
  m_Father: {fileID: 4117791869109634}
  m_RootOrder: 3
  m_LocalEulerAnglesHint: {x: -90, y: 0, z: 0}
--- !u!33 &33614152418836083
MeshFilter:
  m_GameObject: {fileID: 1147614708279597}
  m_Mesh: {fileID: 4300000, guid: c57bb74533794e04c83a84b4d1609c26, type: 2}
--- !u!23 &23451684104329511
MeshRenderer:
  m_GameObject: {fileID: 1147614708279597}
  m_Enabled: 1
  m_CastShadows: 1
  m_ReceiveShadows: 1
  m_DynamicOccludee: 1
  m_MotionVectors: 1
  m_LightProbeUsage: 0
  m_ReflectionProbeUsage: 1
  m_Materials:
  - {fileID: 2100000, guid: 90d504d76912d064babd8d3643908f31, type: 2}
  m_StaticBatchInfo:
    firstSubMesh: 0
    subMeshCount: 0
  m_StaticBatchRoot: {fileID: 0}
  m_ProbeAnchor: {fileID: 0}
  m_LightProbeVolumeOverride: {fileID: 0}
  m_ScaleInLightmap: 1
  m_PreserveUVs: 0
  m_IgnoreNormalsForChartDetection: 0
  m_ImportantGI: 0
  m_StitchLightmapSeams: 0
  m_SelectedEditorRenderState: 3
  m_MinimumChartSize: 4
  m_AutoUVMaxDistance: 0.5
  m_AutoUVMaxAngle: 89
  m_LightmapParameters: {fileID: 0}
  m_SortingLayerID: 0
  m_SortingLayer: 0
  m_SortingOrder: 0
--- !u!1 &1400714957634744
GameObject:
  serializedVersion: 5
  m_Component:
  - component: {fileID: 4986491387634457}
  - component: {fileID: 33446595673704725}
  - component: {fileID: 23517719052619954}
  - component: {fileID: 114273600147293492}
  m_Layer: 0
  m_Name: BeachParty_Wave_01
  m_TagString: Untagged
  m_Icon: {fileID: 0}
  m_NavMeshLayer: 0
  m_StaticEditorFlags: 0
  m_IsActive: 1
--- !u!4 &4986491387634457
Transform:
  m_GameObject: {fileID: 1400714957634744}
  m_LocalRotation: {x: -0.7071068, y: 0, z: 0, w: 0.7071068}
  m_LocalPosition: {x: 0, y: 0, z: 0}
  m_LocalScale: {x: 1, y: 1, z: 1}
  m_Children: []
  m_Father: {fileID: 4117791869109634}
  m_RootOrder: 4
  m_LocalEulerAnglesHint: {x: -90, y: 0, z: 0}
--- !u!33 &33446595673704725
MeshFilter:
  m_GameObject: {fileID: 1400714957634744}
  m_Mesh: {fileID: 4300000, guid: e0f194e2c5bbefb45b7bf95037f1e05a, type: 2}
--- !u!23 &23517719052619954
MeshRenderer:
  m_GameObject: {fileID: 1400714957634744}
  m_Enabled: 1
  m_CastShadows: 1
  m_ReceiveShadows: 1
  m_DynamicOccludee: 1
  m_MotionVectors: 1
  m_LightProbeUsage: 0
  m_ReflectionProbeUsage: 1
  m_Materials:
  - {fileID: 2100000, guid: e9bd07a65cea6ff46a89f7684794c252, type: 2}
  m_StaticBatchInfo:
    firstSubMesh: 0
    subMeshCount: 0
  m_StaticBatchRoot: {fileID: 0}
  m_ProbeAnchor: {fileID: 0}
  m_LightProbeVolumeOverride: {fileID: 0}
  m_ScaleInLightmap: 1
  m_PreserveUVs: 0
  m_IgnoreNormalsForChartDetection: 0
  m_ImportantGI: 0
  m_StitchLightmapSeams: 0
  m_SelectedEditorRenderState: 3
  m_MinimumChartSize: 4
  m_AutoUVMaxDistance: 0.5
  m_AutoUVMaxAngle: 89
  m_LightmapParameters: {fileID: 0}
  m_SortingLayerID: 0
  m_SortingLayer: 0
  m_SortingOrder: 0
--- !u!114 &114273600147293492
MonoBehaviour:
  m_GameObject: {fileID: 1400714957634744}
  m_Enabled: 1
  m_EditorHideFlags: 0
  m_Script: {fileID: 11500000, guid: 97631396cde087a4e9d525919fddd2d7, type: 3}
  m_Name:
  m_EditorClassIdentifier:
  materialIndex: 0
  uvAnimationRate: {x: 0.1, y: -0.25}
  textureName: _MainTex
--- !u!1 &1052380593146834
GameObject:
  serializedVersion: 5
  m_Component:
  - component: {fileID: 4811875689698020}
  m_Layer: 0
  m_Name: Particle View 001
  m_TagString: Untagged
  m_Icon: {fileID: 0}
  m_NavMeshLayer: 0
  m_StaticEditorFlags: 0
  m_IsActive: 1
--- !u!4 &4811875689698020
Transform:
  m_GameObject: {fileID: 1052380593146834}
  m_LocalRotation: {x: -0.7071068, y: 0, z: 0, w: 0.7071068}
  m_LocalPosition: {x: 0, y: 0, z: 0}
  m_LocalScale: {x: 1, y: 1, z: 1}
  m_Children: []
  m_Father: {fileID: 4117791869109634}
  m_RootOrder: 5
  m_LocalEulerAnglesHint: {x: -90, y: 0, z: 0}
--- !u!1 &1464770868377601
GameObject:
  serializedVersion: 5
  m_Component:
  - component: {fileID: 4194343158721581}
  - component: {fileID: 33334463843227594}
  - component: {fileID: 23031072374406355}
  - component: {fileID: 95338056195655391}
  - component: {fileID: 114482892993297422}
  m_Layer: 0
  m_Name: BeachParty_Sky
  m_TagString: Untagged
  m_Icon: {fileID: 0}
  m_NavMeshLayer: 0
  m_StaticEditorFlags: 0
  m_IsActive: 1
--- !u!4 &4194343158721581
Transform:
  m_GameObject: {fileID: 1464770868377601}
  m_LocalRotation: {x: -0.7071068, y: 6.181725E-08, z: 6.181725E-08, w: 0.7071068}
  m_LocalPosition: {x: 49, y: 407, z: 34}
  m_LocalScale: {x: 1, y: 1, z: 1}
  m_Children: []
  m_Father: {fileID: 4117791869109634}
  m_RootOrder: 6
  m_LocalEulerAnglesHint: {x: -90, y: -1.001791E-05, z: 0}
--- !u!33 &33334463843227594
MeshFilter:
  m_GameObject: {fileID: 1464770868377601}
  m_Mesh: {fileID: 4300000, guid: 58b258fc52f890e47819d99c8179aa36, type: 2}
--- !u!23 &23031072374406355
MeshRenderer:
  m_GameObject: {fileID: 1464770868377601}
  m_Enabled: 1
  m_CastShadows: 1
  m_ReceiveShadows: 1
  m_DynamicOccludee: 1
  m_MotionVectors: 1
  m_LightProbeUsage: 0
  m_ReflectionProbeUsage: 1
  m_Materials:
  - {fileID: 2100000, guid: 8e15170c50565454092a54057ab8d15d, type: 2}
  m_StaticBatchInfo:
    firstSubMesh: 0
    subMeshCount: 0
  m_StaticBatchRoot: {fileID: 0}
  m_ProbeAnchor: {fileID: 0}
  m_LightProbeVolumeOverride: {fileID: 0}
  m_ScaleInLightmap: 1
  m_PreserveUVs: 0
  m_IgnoreNormalsForChartDetection: 0
  m_ImportantGI: 0
  m_StitchLightmapSeams: 0
  m_SelectedEditorRenderState: 3
  m_MinimumChartSize: 4
  m_AutoUVMaxDistance: 0.5
  m_AutoUVMaxAngle: 89
  m_LightmapParameters: {fileID: 0}
  m_SortingLayerID: 0
  m_SortingLayer: 0
  m_SortingOrder: 0
--- !u!95 &95338056195655391
Animator:
  serializedVersion: 3
  m_GameObject: {fileID: 1464770868377601}
  m_Enabled: 1
  m_Avatar: {fileID: 9000000, guid: 546071d1c15840f4d8e0bab23dfdfd50, type: 2}
  m_Controller: {fileID: 0}
  m_CullingMode: 1
  m_UpdateMode: 0
  m_ApplyRootMotion: 1
  m_LinearVelocityBlending: 0
  m_WarningMessage:
  m_HasTransformHierarchy: 1
  m_AllowConstantClipSamplingOptimization: 1
--- !u!114 &114482892993297422
MonoBehaviour:
  m_GameObject: {fileID: 1464770868377601}
  m_Enabled: 1
  m_EditorHideFlags: 0
  m_Script: {fileID: 11500000, guid: 469ce77e63cc56b41ba1553862a2622a, type: 3}
  m_Name:
  m_EditorClassIdentifier:
  tweenName:
  playAutomatically: 1
  delay: 0
  type: 23
  showIconInInspector: 1
  keys:
  - amount
  - time
  - looptype
  - easetype
  indexes: 00000000000000000000000000000000
  metadatas:
  -
  -
  -
  -
  ints:
  floats:
  - 400
  bools:
  strings: []
  vector3s:
  - {x: 0, y: 0, z: -1}
  colors: []
  spaces:
  easeTypes: 15000000
  loopTypes: 01000000
  gameObjects: []
  transforms: []
  audioClips: []
  audioSources: []
  vector3Arrays: []
  transformArrays: []
  paths: []
