%YAML 1.1
%TAG !u! tag:unity3d.com,2011:
--- !u!1001 &100100000
Prefab:
  serializedVersion: 2
  m_Modification:
    m_TransformParent: {fileID: 0}
    m_Modifications: []
    m_RemovedComponents: []
  m_ParentPrefab: {fileID: 0}
  m_RootGameObject: {fileID: 1700378398353342}
  m_IsPrefabParent: 1
--- !u!1 &1700378398353342
GameObject:
  serializedVersion: 5
  m_Component:
  - component: {fileID: 4902320352376814}
  m_Layer: 0
  m_Name: DarkForest_Chair
  m_TagString: Untagged
  m_Icon: {fileID: 0}
  m_NavMeshLayer: 0
  m_StaticEditorFlags: 0
  m_IsActive: 1
--- !u!4 &4902320352376814
Transform:
  m_GameObject: {fileID: 1700378398353342}
  m_LocalRotation: {x: 0, y: 0.7071068, z: 0, w: 0.7071068}
  m_LocalPosition: {x: -67, y: -51, z: 0}
  m_LocalScale: {x: 1, y: 1, z: 1}
  m_Children:
  - {fileID: 4762116051212491}
  - {fileID: 4564672882827672}
  m_Father: {fileID: 0}
  m_RootOrder: 0
  m_LocalEulerAnglesHint: {x: 0, y: -90, z: 0}
--- !u!1 &1529390643904095
GameObject:
  serializedVersion: 5
  m_Component:
  - component: {fileID: 4762116051212491}
  - component: {fileID: 33327911671872506}
  - component: {fileID: 23702698261288757}
  m_Layer: 0
  m_Name: Chair_Shadow
  m_TagString: Untagged
  m_Icon: {fileID: 0}
  m_NavMeshLayer: 0
  m_StaticEditorFlags: 0
  m_IsActive: 1
--- !u!4 &4762116051212491
Transform:
  m_GameObject: {fileID: 1529390643904095}
  m_LocalRotation: {x: -0.5, y: -0.5, z: -0.5, w: 0.5}
  m_LocalPosition: {x: 0, y: 0.1596909, z: 0}
  m_LocalScale: {x: 1, y: 1, z: 1}
  m_Children: []
  m_Father: {fileID: 4902320352376814}
  m_RootOrder: 0
  m_LocalEulerAnglesHint: {x: -90, y: 90, z: 0}
--- !u!33 &33327911671872506
MeshFilter:
  m_GameObject: {fileID: 1529390643904095}
  m_Mesh: {fileID: 4300000, guid: 680133a0bc354b549907b4db371711b6, type: 2}
--- !u!23 &23702698261288757
MeshRenderer:
  m_GameObject: {fileID: 1529390643904095}
  m_Enabled: 1
  m_CastShadows: 1
  m_ReceiveShadows: 1
  m_DynamicOccludee: 1
  m_MotionVectors: 1
  m_LightProbeUsage: 0
  m_ReflectionProbeUsage: 1
  m_Materials:
  - {fileID: 2100000, guid: 7e52117c346b5b54b84cd81bca30b56d, type: 2}
  m_StaticBatchInfo:
    firstSubMesh: 0
    subMeshCount: 0
  m_StaticBatchRoot: {fileID: 0}
  m_ProbeAnchor: {fileID: 0}
  m_LightProbeVolumeOverride: {fileID: 0}
  m_ScaleInLightmap: 1
  m_PreserveUVs: 0
  m_IgnoreNormalsForChartDetection: 0
  m_ImportantGI: 0
  m_StitchLightmapSeams: 0
  m_SelectedEditorRenderState: 3
  m_MinimumChartSize: 4
  m_AutoUVMaxDistance: 0.5
  m_AutoUVMaxAngle: 89
  m_LightmapParameters: {fileID: 0}
  m_SortingLayerID: 0
  m_SortingLayer: 0
  m_SortingOrder: 0
--- !u!1 &1420075121930264
GameObject:
  serializedVersion: 5
  m_Component:
  - component: {fileID: 4564672882827672}
  - component: {fileID: 95536046643861726}
  m_Layer: 0
  m_Name: DarkForest_Chair
  m_TagString: Untagged
  m_Icon: {fileID: 0}
  m_NavMeshLayer: 0
  m_StaticEditorFlags: 0
  m_IsActive: 1
--- !u!4 &4564672882827672
Transform:
  m_GameObject: {fileID: 1420075121930264}
  m_LocalRotation: {x: -0.5, y: -0.5, z: -0.5, w: 0.5}
  m_LocalPosition: {x: 0, y: 0, z: 0}
  m_LocalScale: {x: 1, y: 1, z: 1}
  m_Children:
  - {fileID: 4507480869619112}
  m_Father: {fileID: 4902320352376814}
  m_RootOrder: 1
  m_LocalEulerAnglesHint: {x: -90, y: 90, z: 0}
--- !u!95 &95536046643861726
Animator:
  serializedVersion: 3
  m_GameObject: {fileID: 1420075121930264}
  m_Enabled: 1
  m_Avatar: {fileID: 9000000, guid: 28005ead121670d489196657e2d3f38a, type: 2}
  m_Controller: {fileID: 0}
  m_CullingMode: 0
  m_UpdateMode: 0
  m_ApplyRootMotion: 1
  m_LinearVelocityBlending: 0
  m_WarningMessage:
  m_HasTransformHierarchy: 1
  m_AllowConstantClipSamplingOptimization: 1
--- !u!1 &1223015405918203
GameObject:
  serializedVersion: 5
  m_Component:
  - component: {fileID: 4507480869619112}
  - component: {fileID: 33317013493347948}
  - component: {fileID: 23986919911589486}
  m_Layer: 0
  m_Name: DarkForest_Chair_01
  m_TagString: Untagged
  m_Icon: {fileID: 0}
  m_NavMeshLayer: 0
  m_StaticEditorFlags: 0
  m_IsActive: 1
--- !u!4 &4507480869619112
Transform:
  m_GameObject: {fileID: 1223015405918203}
  m_LocalRotation: {x: 0, y: 0, z: 0, w: 1}
  m_LocalPosition: {x: 0, y: 0, z: 11.27662}
  m_LocalScale: {x: 1, y: 1, z: 1}
  m_Children: []
  m_Father: {fileID: 4564672882827672}
  m_RootOrder: 0
  m_LocalEulerAnglesHint: {x: 0, y: 0, z: 0}
--- !u!33 &33317013493347948
MeshFilter:
  m_GameObject: {fileID: 1223015405918203}
  m_Mesh: {fileID: 4300000, guid: 4dba530df8baf6d4bab781c592ff8fb7, type: 2}
--- !u!23 &23986919911589486
MeshRenderer:
  m_GameObject: {fileID: 1223015405918203}
  m_Enabled: 1
  m_CastShadows: 1
  m_ReceiveShadows: 1
  m_DynamicOccludee: 1
  m_MotionVectors: 1
  m_LightProbeUsage: 0
  m_ReflectionProbeUsage: 1
  m_Materials:
  - {fileID: 2100000, guid: 1a861261f273c534fad735992a90b706, type: 2}
  m_StaticBatchInfo:
    firstSubMesh: 0
    subMeshCount: 0
  m_StaticBatchRoot: {fileID: 0}
  m_ProbeAnchor: {fileID: 0}
  m_LightProbeVolumeOverride: {fileID: 0}
  m_ScaleInLightmap: 1
  m_PreserveUVs: 0
  m_IgnoreNormalsForChartDetection: 0
  m_ImportantGI: 0
  m_StitchLightmapSeams: 0
  m_SelectedEditorRenderState: 3
  m_MinimumChartSize: 4
  m_AutoUVMaxDistance: 0.5
  m_AutoUVMaxAngle: 89
  m_LightmapParameters: {fileID: 0}
  m_SortingLayerID: 0
  m_SortingLayer: 0
  m_SortingOrder: 0
