%YAML 1.1
%TAG !u! tag:unity3d.com,2011:
--- !u!1001 &100100000
Prefab:
  serializedVersion: 2
  m_Modification:
    m_TransformParent: {fileID: 0}
    m_Modifications: []
    m_RemovedComponents: []
  m_ParentPrefab: {fileID: 0}
  m_RootGameObject: {fileID: 1736519774541949}
  m_IsPrefabParent: 1
--- !u!1 &1736519774541949
GameObject:
  serializedVersion: 5
  m_Component:
  - component: {fileID: 4101551631112082}
  - component: {fileID: 114284916129420633}
  m_Layer: 0
  m_Name: low_Cave
  m_TagString: Untagged
  m_Icon: {fileID: 0}
  m_NavMeshLayer: 0
  m_StaticEditorFlags: 0
  m_IsActive: 1
--- !u!4 &4101551631112082
Transform:
  m_GameObject: {fileID: 1736519774541949}
  m_LocalRotation: {x: 0, y: 0, z: 0, w: 1}
  m_LocalPosition: {x: 0, y: 0, z: 0}
  m_LocalScale: {x: 1, y: 1, z: 1}
  m_Children:
  - {fileID: 4960700229913686}
  m_Father: {fileID: 0}
  m_RootOrder: 0
  m_LocalEulerAnglesHint: {x: 0, y: 0, z: 0}
--- !u!114 &114284916129420633
MonoBehaviour:
  m_GameObject: {fileID: 1736519774541949}
  m_Enabled: 1
  m_EditorHideFlags: 0
  m_Script: {fileID: 11500000, guid: c512d0d249a523549a91f2155931172b, type: 3}
  m_Name:
  m_EditorClassIdentifier:
  perfEvent: 1
  disableCamera: 0
  disableObject: 1
  disableRenderers: 0
  disableUIPanels: 0
--- !u!1 &1434895002622019
GameObject:
  serializedVersion: 5
  m_Component:
  - component: {fileID: 4960700229913686}
  - component: {fileID: 111860116981182522}
  m_Layer: 0
  m_Name: Cave
  m_TagString: Untagged
  m_Icon: {fileID: 0}
  m_NavMeshLayer: 0
  m_StaticEditorFlags: 0
  m_IsActive: 1
--- !u!4 &4960700229913686
Transform:
  m_GameObject: {fileID: 1434895002622019}
  m_LocalRotation: {x: 0, y: 0, z: 0, w: 1}
  m_LocalPosition: {x: 0, y: 0, z: 0}
  m_LocalScale: {x: 1, y: 1, z: 1}
  m_Children:
  - {fileID: 4974708350224262}
  - {fileID: 4020528004396163}
  - {fileID: 4955871404911491}
  - {fileID: 4196412182532955}
  - {fileID: 4874223005945292}
  m_Father: {fileID: 4101551631112082}
  m_RootOrder: 0
  m_LocalEulerAnglesHint: {x: 0, y: 0, z: 0}
--- !u!111 &111860116981182522
Animation:
  m_GameObject: {fileID: 1434895002622019}
  m_Enabled: 1
  serializedVersion: 3
  m_Animation: {fileID: 0}
  m_Animations: []
  m_WrapMode: 0
  m_PlayAutomatically: 1
  m_AnimatePhysics: 0
  m_CullingType: 0
--- !u!1 &1849913908634783
GameObject:
  serializedVersion: 5
  m_Component:
  - component: {fileID: 4974708350224262}
  - component: {fileID: 33104431564045281}
  - component: {fileID: 23033631692746064}
  m_Layer: 0
  m_Name: Cave_Cave
  m_TagString: Untagged
  m_Icon: {fileID: 0}
  m_NavMeshLayer: 0
  m_StaticEditorFlags: 0
  m_IsActive: 1
--- !u!4 &4974708350224262
Transform:
  m_GameObject: {fileID: 1849913908634783}
  m_LocalRotation: {x: -0.7071068, y: 0, z: 0, w: 0.7071068}
  m_LocalPosition: {x: 0, y: 0, z: 0}
  m_LocalScale: {x: 1, y: 1, z: 1}
  m_Children: []
  m_Father: {fileID: 4960700229913686}
  m_RootOrder: 0
  m_LocalEulerAnglesHint: {x: -90, y: 0, z: 0}
--- !u!33 &33104431564045281
MeshFilter:
  m_GameObject: {fileID: 1849913908634783}
  m_Mesh: {fileID: 4300000, guid: 3d71f18ad8bac1a4280558acbcd8595d, type: 2}
--- !u!23 &23033631692746064
MeshRenderer:
  m_GameObject: {fileID: 1849913908634783}
  m_Enabled: 1
  m_CastShadows: 1
  m_ReceiveShadows: 1
  m_DynamicOccludee: 1
  m_MotionVectors: 1
  m_LightProbeUsage: 0
  m_ReflectionProbeUsage: 1
  m_Materials:
  - {fileID: 2100000, guid: 0487c56d46aa50b42a75805e356158f3, type: 2}
  m_StaticBatchInfo:
    firstSubMesh: 0
    subMeshCount: 0
  m_StaticBatchRoot: {fileID: 0}
  m_ProbeAnchor: {fileID: 0}
  m_LightProbeVolumeOverride: {fileID: 0}
  m_ScaleInLightmap: 1
  m_PreserveUVs: 0
  m_IgnoreNormalsForChartDetection: 0
  m_ImportantGI: 0
  m_StitchLightmapSeams: 0
  m_SelectedEditorRenderState: 3
  m_MinimumChartSize: 4
  m_AutoUVMaxDistance: 0.5
  m_AutoUVMaxAngle: 89
  m_LightmapParameters: {fileID: 0}
  m_SortingLayerID: 0
  m_SortingLayer: 0
  m_SortingOrder: 0
--- !u!1 &1728906955948184
GameObject:
  serializedVersion: 5
  m_Component:
  - component: {fileID: 4020528004396163}
  - component: {fileID: 33904326940548261}
  - component: {fileID: 23072163656257133}
  m_Layer: 0
  m_Name: Cave_Ground
  m_TagString: Untagged
  m_Icon: {fileID: 0}
  m_NavMeshLayer: 0
  m_StaticEditorFlags: 0
  m_IsActive: 1
--- !u!4 &4020528004396163
Transform:
  m_GameObject: {fileID: 1728906955948184}
  m_LocalRotation: {x: -0.7071068, y: 0, z: 0, w: 0.7071068}
  m_LocalPosition: {x: 0, y: 0, z: 0}
  m_LocalScale: {x: 1, y: 1, z: 1}
  m_Children: []
  m_Father: {fileID: 4960700229913686}
  m_RootOrder: 1
  m_LocalEulerAnglesHint: {x: -90, y: 0, z: 0}
--- !u!33 &33904326940548261
MeshFilter:
  m_GameObject: {fileID: 1728906955948184}
  m_Mesh: {fileID: 4300000, guid: a6984436f43cc18468c09af462afa5a7, type: 2}
--- !u!23 &23072163656257133
MeshRenderer:
  m_GameObject: {fileID: 1728906955948184}
  m_Enabled: 1
  m_CastShadows: 1
  m_ReceiveShadows: 1
  m_DynamicOccludee: 1
  m_MotionVectors: 1
  m_LightProbeUsage: 0
  m_ReflectionProbeUsage: 1
  m_Materials:
  - {fileID: 2100000, guid: a10c99945da7f564e9ec8b75c8171916, type: 2}
  m_StaticBatchInfo:
    firstSubMesh: 0
    subMeshCount: 0
  m_StaticBatchRoot: {fileID: 0}
  m_ProbeAnchor: {fileID: 0}
  m_LightProbeVolumeOverride: {fileID: 0}
  m_ScaleInLightmap: 1
  m_PreserveUVs: 0
  m_IgnoreNormalsForChartDetection: 0
  m_ImportantGI: 0
  m_StitchLightmapSeams: 0
  m_SelectedEditorRenderState: 3
  m_MinimumChartSize: 4
  m_AutoUVMaxDistance: 0.5
  m_AutoUVMaxAngle: 89
  m_LightmapParameters: {fileID: 0}
  m_SortingLayerID: 0
  m_SortingLayer: 0
  m_SortingOrder: 0
--- !u!1 &1251832032289497
GameObject:
  serializedVersion: 5
  m_Component:
  - component: {fileID: 4955871404911491}
  - component: {fileID: 33968066636037207}
  - component: {fileID: 23718545351382927}
  m_Layer: 0
  m_Name: Cave_House
  m_TagString: Untagged
  m_Icon: {fileID: 0}
  m_NavMeshLayer: 0
  m_StaticEditorFlags: 0
  m_IsActive: 1
--- !u!4 &4955871404911491
Transform:
  m_GameObject: {fileID: 1251832032289497}
  m_LocalRotation: {x: -0.7071068, y: 0, z: 0, w: 0.7071068}
  m_LocalPosition: {x: 0, y: 0, z: 0}
  m_LocalScale: {x: 1, y: 1, z: 1}
  m_Children: []
  m_Father: {fileID: 4960700229913686}
  m_RootOrder: 2
  m_LocalEulerAnglesHint: {x: -90, y: 0, z: 0}
--- !u!33 &33968066636037207
MeshFilter:
  m_GameObject: {fileID: 1251832032289497}
  m_Mesh: {fileID: 4300000, guid: 977d4dadaf24d8b4db42de0c19c0027a, type: 2}
--- !u!23 &23718545351382927
MeshRenderer:
  m_GameObject: {fileID: 1251832032289497}
  m_Enabled: 1
  m_CastShadows: 1
  m_ReceiveShadows: 1
  m_DynamicOccludee: 1
  m_MotionVectors: 1
  m_LightProbeUsage: 0
  m_ReflectionProbeUsage: 1
  m_Materials:
  - {fileID: 2100000, guid: 006c085fdab99cb4bacc9120ceb96d7f, type: 2}
  m_StaticBatchInfo:
    firstSubMesh: 0
    subMeshCount: 0
  m_StaticBatchRoot: {fileID: 0}
  m_ProbeAnchor: {fileID: 0}
  m_LightProbeVolumeOverride: {fileID: 0}
  m_ScaleInLightmap: 1
  m_PreserveUVs: 0
  m_IgnoreNormalsForChartDetection: 0
  m_ImportantGI: 0
  m_StitchLightmapSeams: 0
  m_SelectedEditorRenderState: 3
  m_MinimumChartSize: 4
  m_AutoUVMaxDistance: 0.5
  m_AutoUVMaxAngle: 89
  m_LightmapParameters: {fileID: 0}
  m_SortingLayerID: 0
  m_SortingLayer: 0
  m_SortingOrder: 0
--- !u!1 &1466268619216719
GameObject:
  serializedVersion: 5
  m_Component:
  - component: {fileID: 4196412182532955}
  - component: {fileID: 33376070108690792}
  - component: {fileID: 23232326622208159}
  m_Layer: 0
  m_Name: Cave_Objects
  m_TagString: Untagged
  m_Icon: {fileID: 0}
  m_NavMeshLayer: 0
  m_StaticEditorFlags: 0
  m_IsActive: 1
--- !u!4 &4196412182532955
Transform:
  m_GameObject: {fileID: 1466268619216719}
  m_LocalRotation: {x: -0.7071068, y: 2.702117E-15, z: -6.181724E-08, w: 0.7071068}
  m_LocalPosition: {x: 0, y: 0, z: 0}
  m_LocalScale: {x: 1, y: 1, z: 1}
  m_Children: []
  m_Father: {fileID: 4960700229913686}
  m_RootOrder: 3
  m_LocalEulerAnglesHint: {x: -90.00001, y: 5.008956E-06, z: 5.008956E-06}
--- !u!33 &33376070108690792
MeshFilter:
  m_GameObject: {fileID: 1466268619216719}
  m_Mesh: {fileID: 4300000, guid: 3a58b9bc82df0b94bbde7d020eba5943, type: 2}
--- !u!23 &23232326622208159
MeshRenderer:
  m_GameObject: {fileID: 1466268619216719}
  m_Enabled: 1
  m_CastShadows: 1
  m_ReceiveShadows: 1
  m_DynamicOccludee: 1
  m_MotionVectors: 1
  m_LightProbeUsage: 0
  m_ReflectionProbeUsage: 1
  m_Materials:
  - {fileID: 2100000, guid: c1464fa6761267d4f903ea3170440f13, type: 2}
  m_StaticBatchInfo:
    firstSubMesh: 0
    subMeshCount: 0
  m_StaticBatchRoot: {fileID: 0}
  m_ProbeAnchor: {fileID: 0}
  m_LightProbeVolumeOverride: {fileID: 0}
  m_ScaleInLightmap: 1
  m_PreserveUVs: 0
  m_IgnoreNormalsForChartDetection: 0
  m_ImportantGI: 0
  m_StitchLightmapSeams: 0
  m_SelectedEditorRenderState: 3
  m_MinimumChartSize: 4
  m_AutoUVMaxDistance: 0.5
  m_AutoUVMaxAngle: 89
  m_LightmapParameters: {fileID: 0}
  m_SortingLayerID: 0
  m_SortingLayer: 0
  m_SortingOrder: 0
--- !u!1 &1902142596524353
GameObject:
  serializedVersion: 5
  m_Component:
  - component: {fileID: 4874223005945292}
  - component: {fileID: 33508483487214459}
  - component: {fileID: 23905850425591748}
  - component: {fileID: 114080840783671934}
  m_Layer: 0
  m_Name: Cave_Water
  m_TagString: Untagged
  m_Icon: {fileID: 0}
  m_NavMeshLayer: 0
  m_StaticEditorFlags: 0
  m_IsActive: 1
--- !u!4 &4874223005945292
Transform:
  m_GameObject: {fileID: 1902142596524353}
  m_LocalRotation: {x: -0.7071068, y: 0, z: 0, w: 0.7071068}
  m_LocalPosition: {x: 0, y: 0, z: 0}
  m_LocalScale: {x: 1, y: 1, z: 1}
  m_Children: []
  m_Father: {fileID: 4960700229913686}
  m_RootOrder: 4
  m_LocalEulerAnglesHint: {x: -90, y: 0, z: 0}
--- !u!33 &33508483487214459
MeshFilter:
  m_GameObject: {fileID: 1902142596524353}
  m_Mesh: {fileID: 4300000, guid: b2f5bc194ef8c9f45a5b7e05bdcda5c0, type: 2}
--- !u!23 &23905850425591748
MeshRenderer:
  m_GameObject: {fileID: 1902142596524353}
  m_Enabled: 1
  m_CastShadows: 1
  m_ReceiveShadows: 1
  m_DynamicOccludee: 1
  m_MotionVectors: 1
  m_LightProbeUsage: 0
  m_ReflectionProbeUsage: 1
  m_Materials:
  - {fileID: 2100000, guid: a30c1c06a47068e489b43189c39ba1b4, type: 2}
  m_StaticBatchInfo:
    firstSubMesh: 0
    subMeshCount: 0
  m_StaticBatchRoot: {fileID: 0}
  m_ProbeAnchor: {fileID: 0}
  m_LightProbeVolumeOverride: {fileID: 0}
  m_ScaleInLightmap: 1
  m_PreserveUVs: 0
  m_IgnoreNormalsForChartDetection: 0
  m_ImportantGI: 0
  m_StitchLightmapSeams: 0
  m_SelectedEditorRenderState: 3
  m_MinimumChartSize: 4
  m_AutoUVMaxDistance: 0.5
  m_AutoUVMaxAngle: 89
  m_LightmapParameters: {fileID: 0}
  m_SortingLayerID: 0
  m_SortingLayer: 0
  m_SortingOrder: 0
--- !u!114 &114080840783671934
MonoBehaviour:
  m_GameObject: {fileID: 1902142596524353}
  m_Enabled: 1
  m_EditorHideFlags: 0
  m_Script: {fileID: 11500000, guid: 97631396cde087a4e9d525919fddd2d7, type: 3}
  m_Name:
  m_EditorClassIdentifier:
  materialIndex: 0
  uvAnimationRate: {x: 0.1, y: 0}
  textureName: _MainTex
