%YAML 1.1
%TAG !u! tag:unity3d.com,2011:
--- !u!1001 &100100000
Prefab:
  serializedVersion: 2
  m_Modification:
    m_TransformParent: {fileID: 0}
    m_Modifications: []
    m_RemovedComponents: []
  m_ParentPrefab: {fileID: 0}
  m_RootGameObject: {fileID: 1048447554621425}
  m_IsPrefabParent: 1
--- !u!1 &1048447554621425
GameObject:
  serializedVersion: 5
  m_Component:
  - component: {fileID: 4698804009189331}
  - component: {fileID: 95055432087026848}
  m_Layer: 0
  m_Name: low_Ice_Chair
  m_TagString: Untagged
  m_Icon: {fileID: 0}
  m_NavMeshLayer: 0
  m_StaticEditorFlags: 0
  m_IsActive: 1
--- !u!4 &4698804009189331
Transform:
  m_GameObject: {fileID: 1048447554621425}
  m_LocalRotation: {x: 0, y: 0.7071068, z: 0, w: 0.7071068}
  m_LocalPosition: {x: -67, y: -51, z: 0}
  m_LocalScale: {x: 1, y: 1, z: 1}
  m_Children:
  - {fileID: 4681160298261884}
  - {fileID: 4033094853181630}
  m_Father: {fileID: 0}
  m_RootOrder: 0
  m_LocalEulerAnglesHint: {x: 0, y: -90, z: 0}
--- !u!95 &95055432087026848
Animator:
  serializedVersion: 3
  m_GameObject: {fileID: 1048447554621425}
  m_Enabled: 1
  m_Avatar: {fileID: 9000000, guid: 557e826f2690bc4499cca67c844192ad, type: 2}
  m_Controller: {fileID: 0}
  m_CullingMode: 1
  m_UpdateMode: 0
  m_ApplyRootMotion: 1
  m_LinearVelocityBlending: 0
  m_WarningMessage:
  m_HasTransformHierarchy: 1
  m_AllowConstantClipSamplingOptimization: 1
--- !u!1 &1467620939315183
GameObject:
  serializedVersion: 5
  m_Component:
  - component: {fileID: 4681160298261884}
  - component: {fileID: 33639297209686013}
  - component: {fileID: 23480743965549077}
  m_Layer: 0
  m_Name: Chair_Shadow
  m_TagString: Untagged
  m_Icon: {fileID: 0}
  m_NavMeshLayer: 0
  m_StaticEditorFlags: 0
  m_IsActive: 1
--- !u!4 &4681160298261884
Transform:
  m_GameObject: {fileID: 1467620939315183}
  m_LocalRotation: {x: -0.7071068, y: 0, z: 0, w: 0.7071068}
  m_LocalPosition: {x: 0, y: 0, z: 0.5}
  m_LocalScale: {x: 1, y: 1, z: 1}
  m_Children: []
  m_Father: {fileID: 4698804009189331}
  m_RootOrder: 0
  m_LocalEulerAnglesHint: {x: -90, y: 0, z: 0}
--- !u!33 &33639297209686013
MeshFilter:
  m_GameObject: {fileID: 1467620939315183}
  m_Mesh: {fileID: 4300000, guid: 22f326949a6768446bb786d9680371f3, type: 2}
--- !u!23 &23480743965549077
MeshRenderer:
  m_GameObject: {fileID: 1467620939315183}
  m_Enabled: 1
  m_CastShadows: 1
  m_ReceiveShadows: 1
  m_DynamicOccludee: 1
  m_MotionVectors: 1
  m_LightProbeUsage: 0
  m_ReflectionProbeUsage: 1
  m_Materials:
  - {fileID: 2100000, guid: c15eb8b09ff3a8d42a0ef05af80df1e9, type: 2}
  m_StaticBatchInfo:
    firstSubMesh: 0
    subMeshCount: 0
  m_StaticBatchRoot: {fileID: 0}
  m_ProbeAnchor: {fileID: 0}
  m_LightProbeVolumeOverride: {fileID: 0}
  m_ScaleInLightmap: 1
  m_PreserveUVs: 0
  m_IgnoreNormalsForChartDetection: 0
  m_ImportantGI: 0
  m_StitchLightmapSeams: 0
  m_SelectedEditorRenderState: 3
  m_MinimumChartSize: 4
  m_AutoUVMaxDistance: 0.5
  m_AutoUVMaxAngle: 89
  m_LightmapParameters: {fileID: 0}
  m_SortingLayerID: 0
  m_SortingLayer: 0
  m_SortingOrder: 0
--- !u!1 &1528155204134077
GameObject:
  serializedVersion: 5
  m_Component:
  - component: {fileID: 4033094853181630}
  - component: {fileID: 33815585377692443}
  - component: {fileID: 23359177547176922}
  m_Layer: 0
  m_Name: Ice_Chair_01
  m_TagString: Untagged
  m_Icon: {fileID: 0}
  m_NavMeshLayer: 0
  m_StaticEditorFlags: 0
  m_IsActive: 1
--- !u!4 &4033094853181630
Transform:
  m_GameObject: {fileID: 1528155204134077}
  m_LocalRotation: {x: -0.7071068, y: 0, z: 0, w: 0.7071068}
  m_LocalPosition: {x: 0, y: 0, z: 0}
  m_LocalScale: {x: 1, y: 1, z: 1}
  m_Children: []
  m_Father: {fileID: 4698804009189331}
  m_RootOrder: 1
  m_LocalEulerAnglesHint: {x: -90, y: 0, z: 0}
--- !u!33 &33815585377692443
MeshFilter:
  m_GameObject: {fileID: 1528155204134077}
  m_Mesh: {fileID: 4300000, guid: 5d46e7f9a95e80c4b950b53735ea7303, type: 2}
--- !u!23 &23359177547176922
MeshRenderer:
  m_GameObject: {fileID: 1528155204134077}
  m_Enabled: 1
  m_CastShadows: 1
  m_ReceiveShadows: 1
  m_DynamicOccludee: 1
  m_MotionVectors: 1
  m_LightProbeUsage: 0
  m_ReflectionProbeUsage: 1
  m_Materials:
  - {fileID: 2100000, guid: 65d1d7464d552f14db91d667e686da88, type: 2}
  m_StaticBatchInfo:
    firstSubMesh: 0
    subMeshCount: 0
  m_StaticBatchRoot: {fileID: 0}
  m_ProbeAnchor: {fileID: 0}
  m_LightProbeVolumeOverride: {fileID: 0}
  m_ScaleInLightmap: 1
  m_PreserveUVs: 0
  m_IgnoreNormalsForChartDetection: 0
  m_ImportantGI: 0
  m_StitchLightmapSeams: 0
  m_SelectedEditorRenderState: 3
  m_MinimumChartSize: 4
  m_AutoUVMaxDistance: 0.5
  m_AutoUVMaxAngle: 89
  m_LightmapParameters: {fileID: 0}
  m_SortingLayerID: 0
  m_SortingLayer: 0
  m_SortingOrder: 0
