%YAML 1.1
%TAG !u! tag:unity3d.com,2011:
--- !u!1001 &100100000
Prefab:
  serializedVersion: 2
  m_Modification:
    m_TransformParent: {fileID: 0}
    m_Modifications: []
    m_RemovedComponents: []
  m_ParentPrefab: {fileID: 0}
  m_RootGameObject: {fileID: 1343164452283976}
  m_IsPrefabParent: 1
--- !u!1 &1343164452283976
GameObject:
  serializedVersion: 5
  m_Component:
  - component: {fileID: 4218363537997215}
  - component: {fileID: 95179873685335935}
  m_Layer: 0
  m_Name: MarshmallowyMeadows_Chair
  m_TagString: Untagged
  m_Icon: {fileID: 0}
  m_NavMeshLayer: 0
  m_StaticEditorFlags: 0
  m_IsActive: 1
--- !u!4 &4218363537997215
Transform:
  m_GameObject: {fileID: 1343164452283976}
  m_LocalRotation: {x: 0, y: 0.7071068, z: 0, w: 0.7071067}
  m_LocalPosition: {x: 0, y: 0, z: 0}
  m_LocalScale: {x: 1, y: 1, z: 1}
  m_Children:
  - {fileID: 4582230759657699}
  - {fileID: 4266250764450222}
  m_Father: {fileID: 0}
  m_RootOrder: 0
  m_LocalEulerAnglesHint: {x: 0, y: -89.99999, z: 0}
--- !u!95 &95179873685335935
Animator:
  serializedVersion: 3
  m_GameObject: {fileID: 1343164452283976}
  m_Enabled: 1
  m_Avatar: {fileID: 9000000, guid: 6dbae90acaa8a024c9c98e9a51821033, type: 2}
  m_Controller: {fileID: 0}
  m_CullingMode: 0
  m_UpdateMode: 0
  m_ApplyRootMotion: 0
  m_LinearVelocityBlending: 0
  m_WarningMessage:
  m_HasTransformHierarchy: 1
  m_AllowConstantClipSamplingOptimization: 1
--- !u!1 &1256154633336432
GameObject:
  serializedVersion: 5
  m_Component:
  - component: {fileID: 4582230759657699}
  - component: {fileID: 33990702144088538}
  - component: {fileID: 23340968594563698}
  m_Layer: 0
  m_Name: Chair_Shadows
  m_TagString: Untagged
  m_Icon: {fileID: 0}
  m_NavMeshLayer: 0
  m_StaticEditorFlags: 0
  m_IsActive: 1
--- !u!4 &4582230759657699
Transform:
  m_GameObject: {fileID: 1256154633336432}
  m_LocalRotation: {x: -0.7071068, y: 0, z: 0, w: 0.7071067}
  m_LocalPosition: {x: 0, y: 0, z: 0}
  m_LocalScale: {x: 1, y: 1, z: 1}
  m_Children: []
  m_Father: {fileID: 4218363537997215}
  m_RootOrder: 0
  m_LocalEulerAnglesHint: {x: -90.00001, y: 0, z: 0}
--- !u!33 &33990702144088538
MeshFilter:
  m_GameObject: {fileID: 1256154633336432}
  m_Mesh: {fileID: 4300000, guid: fb296726d964bf14b885da27365fa301, type: 2}
--- !u!23 &23340968594563698
MeshRenderer:
  m_GameObject: {fileID: 1256154633336432}
  m_Enabled: 1
  m_CastShadows: 1
  m_ReceiveShadows: 1
  m_DynamicOccludee: 1
  m_MotionVectors: 1
  m_LightProbeUsage: 1
  m_ReflectionProbeUsage: 1
  m_Materials:
  - {fileID: 2100000, guid: c535832c4d5e074499a2dac4f6c60057, type: 2}
  m_StaticBatchInfo:
    firstSubMesh: 0
    subMeshCount: 0
  m_StaticBatchRoot: {fileID: 0}
  m_ProbeAnchor: {fileID: 0}
  m_LightProbeVolumeOverride: {fileID: 0}
  m_ScaleInLightmap: 1
  m_PreserveUVs: 0
  m_IgnoreNormalsForChartDetection: 0
  m_ImportantGI: 0
  m_StitchLightmapSeams: 0
  m_SelectedEditorRenderState: 3
  m_MinimumChartSize: 4
  m_AutoUVMaxDistance: 0.5
  m_AutoUVMaxAngle: 89
  m_LightmapParameters: {fileID: 0}
  m_SortingLayerID: 0
  m_SortingLayer: 0
  m_SortingOrder: 0
--- !u!1 &1620319803773367
GameObject:
  serializedVersion: 5
  m_Component:
  - component: {fileID: 4266250764450222}
  - component: {fileID: 33704925856352990}
  - component: {fileID: 23202479741247503}
  m_Layer: 0
  m_Name: MarshmallowyMweadows_Chair_01
  m_TagString: Untagged
  m_Icon: {fileID: 0}
  m_NavMeshLayer: 0
  m_StaticEditorFlags: 0
  m_IsActive: 1
--- !u!4 &4266250764450222
Transform:
  m_GameObject: {fileID: 1620319803773367}
  m_LocalRotation: {x: -0.7071068, y: 0, z: 0, w: 0.7071067}
  m_LocalPosition: {x: 0, y: 0, z: 0}
  m_LocalScale: {x: 1, y: 1, z: 1}
  m_Children: []
  m_Father: {fileID: 4218363537997215}
  m_RootOrder: 1
  m_LocalEulerAnglesHint: {x: -90.00001, y: 0, z: 0}
--- !u!33 &33704925856352990
MeshFilter:
  m_GameObject: {fileID: 1620319803773367}
  m_Mesh: {fileID: 4300000, guid: c48cfbbf77bf32042b71e80930159146, type: 2}
--- !u!23 &23202479741247503
MeshRenderer:
  m_GameObject: {fileID: 1620319803773367}
  m_Enabled: 1
  m_CastShadows: 1
  m_ReceiveShadows: 1
  m_DynamicOccludee: 1
  m_MotionVectors: 1
  m_LightProbeUsage: 1
  m_ReflectionProbeUsage: 1
  m_Materials:
  - {fileID: 2100000, guid: c535832c4d5e074499a2dac4f6c60057, type: 2}
  m_StaticBatchInfo:
    firstSubMesh: 0
    subMeshCount: 0
  m_StaticBatchRoot: {fileID: 0}
  m_ProbeAnchor: {fileID: 0}
  m_LightProbeVolumeOverride: {fileID: 0}
  m_ScaleInLightmap: 1
  m_PreserveUVs: 0
  m_IgnoreNormalsForChartDetection: 0
  m_ImportantGI: 0
  m_StitchLightmapSeams: 0
  m_SelectedEditorRenderState: 3
  m_MinimumChartSize: 4
  m_AutoUVMaxDistance: 0.5
  m_AutoUVMaxAngle: 89
  m_LightmapParameters: {fileID: 0}
  m_SortingLayerID: 0
  m_SortingLayer: 0
  m_SortingOrder: 0
