%YAML 1.1
%TAG !u! tag:unity3d.com,2011:
--- !u!1001 &100100000
Prefab:
  serializedVersion: 2
  m_Modification:
    m_TransformParent: {fileID: 0}
    m_Modifications: []
    m_RemovedComponents: []
  m_ParentPrefab: {fileID: 0}
  m_RootGameObject: {fileID: 1425166221113106}
  m_IsPrefabParent: 1
--- !u!1 &1425166221113106
GameObject:
  serializedVersion: 5
  m_Component:
  - component: {fileID: 4036302987882307}
  - component: {fileID: 114099161575858786}
  m_Layer: 0
  m_Name: Stadium
  m_TagString: Untagged
  m_Icon: {fileID: 0}
  m_NavMeshLayer: 0
  m_StaticEditorFlags: 0
  m_IsActive: 1
--- !u!4 &4036302987882307
Transform:
  m_GameObject: {fileID: 1425166221113106}
  m_LocalRotation: {x: 0, y: 0, z: 0, w: 1}
  m_LocalPosition: {x: 0, y: 0, z: 0}
  m_LocalScale: {x: 1, y: 1, z: 1}
  m_Children:
  - {fileID: 4746648339589412}
  m_Father: {fileID: 0}
  m_RootOrder: 0
  m_LocalEulerAnglesHint: {x: 0, y: 0, z: 0}
--- !u!114 &114099161575858786
MonoBehaviour:
  m_GameObject: {fileID: 1425166221113106}
  m_Enabled: 1
  m_EditorHideFlags: 0
  m_Script: {fileID: 11500000, guid: c512d0d249a523549a91f2155931172b, type: 3}
  m_Name:
  m_EditorClassIdentifier:
  perfEvent: 1
  disableCamera: 0
  disableObject: 1
  disableRenderers: 0
  disableUIPanels: 0
--- !u!1 &1002159910588455
GameObject:
  serializedVersion: 5
  m_Component:
  - component: {fileID: 4746648339589412}
  - component: {fileID: 95191552170513411}
  m_Layer: 0
  m_Name: Stadium
  m_TagString: Untagged
  m_Icon: {fileID: 0}
  m_NavMeshLayer: 0
  m_StaticEditorFlags: 0
  m_IsActive: 1
--- !u!4 &4746648339589412
Transform:
  m_GameObject: {fileID: 1002159910588455}
  m_LocalRotation: {x: 0, y: 0, z: 0, w: 1}
  m_LocalPosition: {x: 0, y: 0, z: 0}
  m_LocalScale: {x: 1, y: 1, z: 1}
  m_Children:
  - {fileID: 4181752788353205}
  - {fileID: 4292143660714684}
  - {fileID: 4062586676322895}
  - {fileID: 4559030276255969}
  - {fileID: 4099840304727354}
  m_Father: {fileID: 4036302987882307}
  m_RootOrder: 0
  m_LocalEulerAnglesHint: {x: 0, y: 0, z: 0}
--- !u!95 &95191552170513411
Animator:
  serializedVersion: 3
  m_GameObject: {fileID: 1002159910588455}
  m_Enabled: 1
  m_Avatar: {fileID: 9000000, guid: d9c12fab050a4e244891ae4cbd8abfad, type: 2}
  m_Controller: {fileID: 0}
  m_CullingMode: 0
  m_UpdateMode: 0
  m_ApplyRootMotion: 1
  m_LinearVelocityBlending: 0
  m_WarningMessage:
  m_HasTransformHierarchy: 1
  m_AllowConstantClipSamplingOptimization: 1
--- !u!1 &1449144627530834
GameObject:
  serializedVersion: 5
  m_Component:
  - component: {fileID: 4181752788353205}
  - component: {fileID: 33369888184116924}
  - component: {fileID: 23391796354408323}
  m_Layer: 0
  m_Name: Stadium
  m_TagString: Untagged
  m_Icon: {fileID: 0}
  m_NavMeshLayer: 0
  m_StaticEditorFlags: 0
  m_IsActive: 1
--- !u!4 &4181752788353205
Transform:
  m_GameObject: {fileID: 1449144627530834}
  m_LocalRotation: {x: -0.7071068, y: 0, z: 0, w: 0.7071068}
  m_LocalPosition: {x: 0, y: 0, z: 0}
  m_LocalScale: {x: 1, y: 1, z: 1}
  m_Children: []
  m_Father: {fileID: 4746648339589412}
  m_RootOrder: 0
  m_LocalEulerAnglesHint: {x: -90, y: 0, z: 0}
--- !u!33 &33369888184116924
MeshFilter:
  m_GameObject: {fileID: 1449144627530834}
  m_Mesh: {fileID: 4300000, guid: 1c68f83cc23c3b54b88d555e0a0933db, type: 2}
--- !u!23 &23391796354408323
MeshRenderer:
  m_GameObject: {fileID: 1449144627530834}
  m_Enabled: 1
  m_CastShadows: 1
  m_ReceiveShadows: 1
  m_DynamicOccludee: 1
  m_MotionVectors: 1
  m_LightProbeUsage: 0
  m_ReflectionProbeUsage: 1
  m_Materials:
  - {fileID: 2100000, guid: 517edd9ba55b15e469996956ca498edf, type: 2}
  m_StaticBatchInfo:
    firstSubMesh: 0
    subMeshCount: 0
  m_StaticBatchRoot: {fileID: 0}
  m_ProbeAnchor: {fileID: 0}
  m_LightProbeVolumeOverride: {fileID: 0}
  m_ScaleInLightmap: 1
  m_PreserveUVs: 0
  m_IgnoreNormalsForChartDetection: 0
  m_ImportantGI: 0
  m_StitchLightmapSeams: 0
  m_SelectedEditorRenderState: 3
  m_MinimumChartSize: 4
  m_AutoUVMaxDistance: 0.5
  m_AutoUVMaxAngle: 89
  m_LightmapParameters: {fileID: 0}
  m_SortingLayerID: 0
  m_SortingLayer: 0
  m_SortingOrder: 0
--- !u!1 &1403650955601249
GameObject:
  serializedVersion: 5
  m_Component:
  - component: {fileID: 4292143660714684}
  - component: {fileID: 33709866848800564}
  - component: {fileID: 23591286312758435}
  - component: {fileID: 114234165317443500}
  m_Layer: 0
  m_Name: Stadium_Clouds
  m_TagString: Untagged
  m_Icon: {fileID: 0}
  m_NavMeshLayer: 0
  m_StaticEditorFlags: 0
  m_IsActive: 1
--- !u!4 &4292143660714684
Transform:
  m_GameObject: {fileID: 1403650955601249}
  m_LocalRotation: {x: -0.3753185, y: 0.5992796, z: 0.5992796, w: 0.3753185}
  m_LocalPosition: {x: 0, y: 0, z: 0}
  m_LocalScale: {x: 1.060179, y: 1.060179, z: 1.060179}
  m_Children: []
  m_Father: {fileID: 4746648339589412}
  m_RootOrder: 1
  m_LocalEulerAnglesHint: {x: 90, y: -64.11641, z: 180}
--- !u!33 &33709866848800564
MeshFilter:
  m_GameObject: {fileID: 1403650955601249}
  m_Mesh: {fileID: 4300000, guid: c8ddda2dd6f4e914ab5feb617ab25aaf, type: 2}
--- !u!23 &23591286312758435
MeshRenderer:
  m_GameObject: {fileID: 1403650955601249}
  m_Enabled: 1
  m_CastShadows: 1
  m_ReceiveShadows: 1
  m_DynamicOccludee: 1
  m_MotionVectors: 1
  m_LightProbeUsage: 0
  m_ReflectionProbeUsage: 1
  m_Materials:
  - {fileID: 2100000, guid: 517edd9ba55b15e469996956ca498edf, type: 2}
  m_StaticBatchInfo:
    firstSubMesh: 0
    subMeshCount: 0
  m_StaticBatchRoot: {fileID: 0}
  m_ProbeAnchor: {fileID: 0}
  m_LightProbeVolumeOverride: {fileID: 0}
  m_ScaleInLightmap: 1
  m_PreserveUVs: 0
  m_IgnoreNormalsForChartDetection: 0
  m_ImportantGI: 0
  m_StitchLightmapSeams: 0
  m_SelectedEditorRenderState: 3
  m_MinimumChartSize: 4
  m_AutoUVMaxDistance: 0.5
  m_AutoUVMaxAngle: 89
  m_LightmapParameters: {fileID: 0}
  m_SortingLayerID: 0
  m_SortingLayer: 0
  m_SortingOrder: 0
--- !u!114 &114234165317443500
MonoBehaviour:
  m_GameObject: {fileID: 1403650955601249}
  m_Enabled: 1
  m_EditorHideFlags: 0
  m_Script: {fileID: 11500000, guid: 469ce77e63cc56b41ba1553862a2622a, type: 3}
  m_Name:
  m_EditorClassIdentifier:
  tweenName:
  playAutomatically: 1
  delay: 0
  type: 23
  showIconInInspector: 1
  keys:
  - amount
  - time
  - looptype
  - easetype
  indexes: 00000000000000000000000000000000
  metadatas:
  -
  -
  -
  -
  ints:
  floats:
  - 400
  bools:
  strings: []
  vector3s:
  - {x: 0, y: 0, z: -1}
  colors: []
  spaces:
  easeTypes: 15000000
  loopTypes: 01000000
  gameObjects: []
  transforms: []
  audioClips: []
  audioSources: []
  vector3Arrays: []
  transformArrays: []
  paths: []
--- !u!1 &1898269444992056
GameObject:
  serializedVersion: 5
  m_Component:
  - component: {fileID: 4062586676322895}
  - component: {fileID: 33898783396135646}
  - component: {fileID: 23220264807906141}
  m_Layer: 0
  m_Name: Stadium_Ground
  m_TagString: Untagged
  m_Icon: {fileID: 0}
  m_NavMeshLayer: 0
  m_StaticEditorFlags: 0
  m_IsActive: 1
--- !u!4 &4062586676322895
Transform:
  m_GameObject: {fileID: 1898269444992056}
  m_LocalRotation: {x: -0.7071069, y: 0, z: 0, w: 0.7071068}
  m_LocalPosition: {x: 0, y: 0, z: 0}
  m_LocalScale: {x: 1, y: 1, z: 1}
  m_Children: []
  m_Father: {fileID: 4746648339589412}
  m_RootOrder: 2
  m_LocalEulerAnglesHint: {x: -90.00001, y: 0, z: 0}
--- !u!33 &33898783396135646
MeshFilter:
  m_GameObject: {fileID: 1898269444992056}
  m_Mesh: {fileID: 4300000, guid: d8ce25c4f2c2baf47aa1d56af1ee2775, type: 2}
--- !u!23 &23220264807906141
MeshRenderer:
  m_GameObject: {fileID: 1898269444992056}
  m_Enabled: 1
  m_CastShadows: 1
  m_ReceiveShadows: 1
  m_DynamicOccludee: 1
  m_MotionVectors: 1
  m_LightProbeUsage: 0
  m_ReflectionProbeUsage: 1
  m_Materials:
  - {fileID: 2100000, guid: 95a24e3739ede9c4ea9ed05a7ffc437d, type: 2}
  m_StaticBatchInfo:
    firstSubMesh: 0
    subMeshCount: 0
  m_StaticBatchRoot: {fileID: 0}
  m_ProbeAnchor: {fileID: 0}
  m_LightProbeVolumeOverride: {fileID: 0}
  m_ScaleInLightmap: 1
  m_PreserveUVs: 0
  m_IgnoreNormalsForChartDetection: 0
  m_ImportantGI: 0
  m_StitchLightmapSeams: 0
  m_SelectedEditorRenderState: 3
  m_MinimumChartSize: 4
  m_AutoUVMaxDistance: 0.5
  m_AutoUVMaxAngle: 89
  m_LightmapParameters: {fileID: 0}
  m_SortingLayerID: 0
  m_SortingLayer: 0
  m_SortingOrder: 0
--- !u!1 &1121192062309391
GameObject:
  serializedVersion: 5
  m_Component:
  - component: {fileID: 4559030276255969}
  - component: {fileID: 33500817984968428}
  - component: {fileID: 23631382757212765}
  m_Layer: 0
  m_Name: Stadium_Lights
  m_TagString: Untagged
  m_Icon: {fileID: 0}
  m_NavMeshLayer: 0
  m_StaticEditorFlags: 0
  m_IsActive: 1
--- !u!4 &4559030276255969
Transform:
  m_GameObject: {fileID: 1121192062309391}
  m_LocalRotation: {x: -0.7071068, y: 0, z: 0, w: 0.7071068}
  m_LocalPosition: {x: 0, y: 0, z: 0}
  m_LocalScale: {x: 1, y: 1, z: 1}
  m_Children: []
  m_Father: {fileID: 4746648339589412}
  m_RootOrder: 3
  m_LocalEulerAnglesHint: {x: -90, y: 0, z: 0}
--- !u!33 &33500817984968428
MeshFilter:
  m_GameObject: {fileID: 1121192062309391}
  m_Mesh: {fileID: 4300000, guid: 3c2ba69605df5fa4d8dbdb1c746b8726, type: 2}
--- !u!23 &23631382757212765
MeshRenderer:
  m_GameObject: {fileID: 1121192062309391}
  m_Enabled: 1
  m_CastShadows: 1
  m_ReceiveShadows: 1
  m_DynamicOccludee: 1
  m_MotionVectors: 1
  m_LightProbeUsage: 0
  m_ReflectionProbeUsage: 1
  m_Materials:
  - {fileID: 2100000, guid: 9bb80018185bf104eb8617c25846745d, type: 2}
  m_StaticBatchInfo:
    firstSubMesh: 0
    subMeshCount: 0
  m_StaticBatchRoot: {fileID: 0}
  m_ProbeAnchor: {fileID: 0}
  m_LightProbeVolumeOverride: {fileID: 0}
  m_ScaleInLightmap: 1
  m_PreserveUVs: 0
  m_IgnoreNormalsForChartDetection: 0
  m_ImportantGI: 0
  m_StitchLightmapSeams: 0
  m_SelectedEditorRenderState: 3
  m_MinimumChartSize: 4
  m_AutoUVMaxDistance: 0.5
  m_AutoUVMaxAngle: 89
  m_LightmapParameters: {fileID: 0}
  m_SortingLayerID: 0
  m_SortingLayer: 0
  m_SortingOrder: 0
--- !u!1 &1168817727924098
GameObject:
  serializedVersion: 5
  m_Component:
  - component: {fileID: 4099840304727354}
  - component: {fileID: 33234154175238437}
  - component: {fileID: 23678108792033325}
  m_Layer: 0
  m_Name: Stadium_Sky
  m_TagString: Untagged
  m_Icon: {fileID: 0}
  m_NavMeshLayer: 0
  m_StaticEditorFlags: 0
  m_IsActive: 1
--- !u!4 &4099840304727354
Transform:
  m_GameObject: {fileID: 1168817727924098}
  m_LocalRotation: {x: -0.7071068, y: 0, z: 0, w: 0.7071068}
  m_LocalPosition: {x: 0, y: 0, z: 0}
  m_LocalScale: {x: 1, y: 1, z: 1}
  m_Children: []
  m_Father: {fileID: 4746648339589412}
  m_RootOrder: 4
  m_LocalEulerAnglesHint: {x: -90, y: 0, z: 0}
--- !u!33 &33234154175238437
MeshFilter:
  m_GameObject: {fileID: 1168817727924098}
  m_Mesh: {fileID: 4300000, guid: 539dd703013cc9e42be05dc974532115, type: 2}
--- !u!23 &23678108792033325
MeshRenderer:
  m_GameObject: {fileID: 1168817727924098}
  m_Enabled: 1
  m_CastShadows: 1
  m_ReceiveShadows: 1
  m_DynamicOccludee: 1
  m_MotionVectors: 1
  m_LightProbeUsage: 0
  m_ReflectionProbeUsage: 1
  m_Materials:
  - {fileID: 2100000, guid: 517edd9ba55b15e469996956ca498edf, type: 2}
  m_StaticBatchInfo:
    firstSubMesh: 0
    subMeshCount: 0
  m_StaticBatchRoot: {fileID: 0}
  m_ProbeAnchor: {fileID: 0}
  m_LightProbeVolumeOverride: {fileID: 0}
  m_ScaleInLightmap: 1
  m_PreserveUVs: 0
  m_IgnoreNormalsForChartDetection: 0
  m_ImportantGI: 0
  m_StitchLightmapSeams: 0
  m_SelectedEditorRenderState: 3
  m_MinimumChartSize: 4
  m_AutoUVMaxDistance: 0.5
  m_AutoUVMaxAngle: 89
  m_LightmapParameters: {fileID: 0}
  m_SortingLayerID: 0
  m_SortingLayer: 0
  m_SortingOrder: 0
