%YAML 1.1
%TAG !u! tag:unity3d.com,2011:
--- !u!1001 &100100000
Prefab:
  serializedVersion: 2
  m_Modification:
    m_TransformParent: {fileID: 0}
    m_Modifications: []
    m_RemovedComponents: []
  m_ParentPrefab: {fileID: 0}
  m_RootGameObject: {fileID: 1872913139812578}
  m_IsPrefabParent: 1
--- !u!1 &1872913139812578
GameObject:
  serializedVersion: 5
  m_Component:
  - component: {fileID: 4939540832851727}
  - component: {fileID: 114792634800974988}
  - component: {fileID: 114976362797219440}
  m_Layer: 21
  m_Name: low_Spell_ElfBlood_Sword_notusing
  m_TagString: Untagged
  m_Icon: {fileID: 0}
  m_NavMeshLayer: 0
  m_StaticEditorFlags: 0
  m_IsActive: 1
--- !u!4 &4939540832851727
Transform:
  m_GameObject: {fileID: 1872913139812578}
  m_LocalRotation: {x: 0, y: 0.7071068, z: 0, w: 0.7071067}
  m_LocalPosition: {x: 0, y: 0, z: 0}
  m_LocalScale: {x: 0.0275, y: 0.0275, z: 0.0275}
  m_Children:
  - {fileID: 4191437770515327}
  - {fileID: 4878846835036177}
  m_Father: {fileID: 0}
  m_RootOrder: 0
  m_LocalEulerAnglesHint: {x: 0, y: -89.99999, z: 0}
--- !u!114 &114792634800974988
MonoBehaviour:
  m_GameObject: {fileID: 1872913139812578}
  m_Enabled: 1
  m_EditorHideFlags: 0
  m_Script: {fileID: 11500000, guid: eff605db9f989ff49bab2d6acf87be94, type: 3}
  m_Name:
  m_EditorClassIdentifier:
  sortByDepth: 0
  showInPanelTool: 1
  generateNormals: 0
  depthPass: 0
  widgetsAreStatic: 0
  cullWhileDragging: 0
  worldToLocal:
    e00: 1
    e01: 0
    e02: 0
    e03: 0
    e10: 0
    e11: 1
    e12: 0
    e13: 0
    e20: 0
    e21: 0
    e22: 1
    e23: 0
    e30: 0
    e31: 0
    e32: 0
    e33: 1
  mAlpha: 1
  mDebugInfo: 1
  mClipping: 0
  mClipRange: {x: 0, y: 0, z: 0, w: 0}
  mClipSoftness: {x: 40, y: 40}
--- !u!114 &114976362797219440
MonoBehaviour:
  m_GameObject: {fileID: 1872913139812578}
  m_Enabled: 1
  m_EditorHideFlags: 0
  m_Script: {fileID: 11500000, guid: 0be61df358de3f144b7364004a8ea959, type: 3}
  m_Name:
  m_EditorClassIdentifier:
  DestroyTime: 1
--- !u!1 &1593419790644906
GameObject:
  serializedVersion: 5
  m_Component:
  - component: {fileID: 4191437770515327}
  - component: {fileID: 114479899535908317}
  - component: {fileID: 114355217511840537}
  - component: {fileID: 114489507913703680}
  m_Layer: 21
  m_Name: Sword
  m_TagString: Untagged
  m_Icon: {fileID: 0}
  m_NavMeshLayer: 0
  m_StaticEditorFlags: 0
  m_IsActive: 1
--- !u!4 &4191437770515327
Transform:
  m_GameObject: {fileID: 1593419790644906}
  m_LocalRotation: {x: 0.7071068, y: 0, z: 0, w: 0.7071067}
  m_LocalPosition: {x: -10.38458, y: 30, z: 130.5934}
  m_LocalScale: {x: 85, y: 85, z: 1}
  m_Children: []
  m_Father: {fileID: 4939540832851727}
  m_RootOrder: 0
  m_LocalEulerAnglesHint: {x: 90.00001, y: 0, z: 0}
--- !u!114 &114479899535908317
MonoBehaviour:
  m_GameObject: {fileID: 1593419790644906}
  m_Enabled: 1
  m_EditorHideFlags: 0
  m_Script: {fileID: 11500000, guid: f71c8f92497d2254294bd50a06e10760, type: 3}
  m_Name:
  m_EditorClassIdentifier:
  mColor: {r: 1, g: 1, b: 1, a: 1}
  mPivot: 4
  mDepth: 0
  mRect:
    serializedVersion: 2
    x: 0
    y: 0
    width: 1
    height: 1
  mShader: {fileID: 4800000, guid: 0947630568be78c469fb4b14ddb86686, type: 3}
  mTexture: {fileID: 2800000, guid: 3ad6e68f5588415479e9c758060b556c, type: 3}
  mMat: {fileID: 0}
--- !u!114 &114355217511840537
MonoBehaviour:
  m_GameObject: {fileID: 1593419790644906}
  m_Enabled: 1
  m_EditorHideFlags: 0
  m_Script: {fileID: 11500000, guid: cbb3c4554a9de5a49bf4cc94ba7e60ed, type: 3}
  m_Name:
  m_EditorClassIdentifier:
  label:
  method: 0
  style: 0
  animationCurve:
    serializedVersion: 2
    m_Curve:
    - serializedVersion: 2
      time: 0
      value: 0
      inSlope: 0
      outSlope: 1
      tangentMode: 0
    - serializedVersion: 2
      time: 1
      value: 1
      inSlope: 1
      outSlope: 0
      tangentMode: 0
    m_PreInfinity: 2
    m_PostInfinity: 2
    m_RotationOrder: 0
  ignoreTimeScale: 1
  delay: 0
  duration: 1
  steeperCurves: 0
  tweenGroup: 0
  DisableInputWhileTweening: 0
  eventReceiver: {fileID: 0}
  callWhenFinished:
  from: {x: 85, y: 85, z: 1}
  to: {x: 240, y: 240, z: 1}
  updateTable: 0
--- !u!114 &114489507913703680
MonoBehaviour:
  m_GameObject: {fileID: 1593419790644906}
  m_Enabled: 1
  m_EditorHideFlags: 0
  m_Script: {fileID: 11500000, guid: 4cf505b754f923145b3b6e90401b9efb, type: 3}
  m_Name:
  m_EditorClassIdentifier:
  label:
  method: 0
  style: 0
  animationCurve:
    serializedVersion: 2
    m_Curve:
    - serializedVersion: 2
      time: 0
      value: 0
      inSlope: 0
      outSlope: 1
      tangentMode: 0
    - serializedVersion: 2
      time: 1
      value: 1
      inSlope: 1
      outSlope: 0
      tangentMode: 0
    m_PreInfinity: 2
    m_PostInfinity: 2
    m_RotationOrder: 0
  ignoreTimeScale: 1
  delay: 0
  duration: 1
  steeperCurves: 0
  tweenGroup: 0
  DisableInputWhileTweening: 0
  eventReceiver: {fileID: 0}
  callWhenFinished:
  from: {x: 90, y: 90, z: 0}
  to: {x: 90, y: 90, z: 0}
--- !u!1 &1380441920742119
GameObject:
  serializedVersion: 5
  m_Component:
  - component: {fileID: 4878846835036177}
  - component: {fileID: 114224885850869117}
  - component: {fileID: 114323812301304304}
  - component: {fileID: 114452136948118752}
  - component: {fileID: 114695359454212312}
  m_Layer: 21
  m_Name: Sword_Outline
  m_TagString: Untagged
  m_Icon: {fileID: 0}
  m_NavMeshLayer: 0
  m_StaticEditorFlags: 0
  m_IsActive: 1
--- !u!4 &4878846835036177
Transform:
  m_GameObject: {fileID: 1380441920742119}
  m_LocalRotation: {x: 0.7071068, y: 0, z: 0, w: 0.7071067}
  m_LocalPosition: {x: -10.38458, y: 30, z: 130.5934}
  m_LocalScale: {x: 90, y: 90, z: 1}
  m_Children: []
  m_Father: {fileID: 4939540832851727}
  m_RootOrder: 1
  m_LocalEulerAnglesHint: {x: 90.00001, y: 0, z: 0}
--- !u!114 &114224885850869117
MonoBehaviour:
  m_GameObject: {fileID: 1380441920742119}
  m_Enabled: 1
  m_EditorHideFlags: 0
  m_Script: {fileID: 11500000, guid: f71c8f92497d2254294bd50a06e10760, type: 3}
  m_Name:
  m_EditorClassIdentifier:
  mColor: {r: 1, g: 1, b: 1, a: 1}
  mPivot: 4
  mDepth: 0
  mRect:
    serializedVersion: 2
    x: 0
    y: 0
    width: 1
    height: 1
  mShader: {fileID: 4800000, guid: 0947630568be78c469fb4b14ddb86686, type: 3}
  mTexture: {fileID: 2800000, guid: 05c9f889375218c4d824deafd1d28b9b, type: 3}
  mMat: {fileID: 0}
--- !u!114 &114323812301304304
MonoBehaviour:
  m_GameObject: {fileID: 1380441920742119}
  m_Enabled: 1
  m_EditorHideFlags: 0
  m_Script: {fileID: 11500000, guid: ba13535fb72554843b7328ffdc066b7b, type: 3}
  m_Name:
  m_EditorClassIdentifier:
  label:
  method: 3
  style: 1
  animationCurve:
    serializedVersion: 2
    m_Curve:
    - serializedVersion: 2
      time: 0
      value: 0
      inSlope: 0
      outSlope: 1
      tangentMode: 0
    - serializedVersion: 2
      time: 1
      value: 1
      inSlope: 1
      outSlope: 0
      tangentMode: 0
    m_PreInfinity: 2
    m_PostInfinity: 2
    m_RotationOrder: 0
  ignoreTimeScale: 1
  delay: 0
  duration: 0.5
  steeperCurves: 0
  tweenGroup: 0
  DisableInputWhileTweening: 0
  eventReceiver: {fileID: 0}
  callWhenFinished:
  from: 0
  to: 0.75
--- !u!114 &114452136948118752
MonoBehaviour:
  m_GameObject: {fileID: 1380441920742119}
  m_Enabled: 1
  m_EditorHideFlags: 0
  m_Script: {fileID: 11500000, guid: cbb3c4554a9de5a49bf4cc94ba7e60ed, type: 3}
  m_Name:
  m_EditorClassIdentifier:
  label:
  method: 0
  style: 0
  animationCurve:
    serializedVersion: 2
    m_Curve:
    - serializedVersion: 2
      time: 0
      value: 0
      inSlope: 0
      outSlope: 1
      tangentMode: 0
    - serializedVersion: 2
      time: 1
      value: 1
      inSlope: 1
      outSlope: 0
      tangentMode: 0
    m_PreInfinity: 2
    m_PostInfinity: 2
    m_RotationOrder: 0
  ignoreTimeScale: 1
  delay: 0
  duration: 1
  steeperCurves: 0
  tweenGroup: 0
  DisableInputWhileTweening: 0
  eventReceiver: {fileID: 0}
  callWhenFinished:
  from: {x: 90, y: 90, z: 1}
  to: {x: 270, y: 270, z: 1}
  updateTable: 0
--- !u!114 &114695359454212312
MonoBehaviour:
  m_GameObject: {fileID: 1380441920742119}
  m_Enabled: 1
  m_EditorHideFlags: 0
  m_Script: {fileID: 11500000, guid: 4cf505b754f923145b3b6e90401b9efb, type: 3}
  m_Name:
  m_EditorClassIdentifier:
  label:
  method: 0
  style: 0
  animationCurve:
    serializedVersion: 2
    m_Curve:
    - serializedVersion: 2
      time: 0
      value: 0
      inSlope: 0
      outSlope: 1
      tangentMode: 0
    - serializedVersion: 2
      time: 1
      value: 1
      inSlope: 1
      outSlope: 0
      tangentMode: 0
    m_PreInfinity: 2
    m_PostInfinity: 2
    m_RotationOrder: 0
  ignoreTimeScale: 1
  delay: 0
  duration: 1
  steeperCurves: 0
  tweenGroup: 0
  DisableInputWhileTweening: 0
  eventReceiver: {fileID: 0}
  callWhenFinished:
  from: {x: 90, y: 90, z: 0}
  to: {x: 90, y: 90, z: 0}
