%YAML 1.1
%TAG !u! tag:unity3d.com,2011:
--- !u!1001 &100100000
Prefab:
  serializedVersion: 2
  m_Modification:
    m_TransformParent: {fileID: 0}
    m_Modifications: []
    m_RemovedComponents: []
  m_ParentPrefab: {fileID: 0}
  m_RootGameObject: {fileID: 1918917906262854}
  m_IsPrefabParent: 1
--- !u!1 &1918917906262854
GameObject:
  serializedVersion: 5
  m_Component:
  - component: {fileID: 4926350897464746}
  - component: {fileID: 114268445448877254}
  m_Layer: 9
  m_Name: Debug_Tutorial
  m_TagString: Untagged
  m_Icon: {fileID: 0}
  m_NavMeshLayer: 0
  m_StaticEditorFlags: 0
  m_IsActive: 1
--- !u!4 &4926350897464746
Transform:
  m_GameObject: {fileID: 1918917906262854}
  m_LocalRotation: {x: 0, y: 0, z: 0, w: 1}
  m_LocalPosition: {x: -6.222194, y: 0, z: -110}
  m_LocalScale: {x: 2, y: 2, z: 2}
  m_Children:
  - {fileID: 4699884846465155}
  - {fileID: 4760188513665553}
  - {fileID: 4569556270226355}
  - {fileID: 4949222011945357}
  m_Father: {fileID: 0}
  m_RootOrder: 0
  m_LocalEulerAnglesHint: {x: 0, y: 0, z: 0}
--- !u!114 &114268445448877254
MonoBehaviour:
  m_GameObject: {fileID: 1918917906262854}
  m_Enabled: 1
  m_EditorHideFlags: 0
  m_Script: {fileID: 11500000, guid: eff605db9f989ff49bab2d6acf87be94, type: 3}
  m_Name:
  m_EditorClassIdentifier:
  sortByDepth: 0
  showInPanelTool: 1
  generateNormals: 0
  depthPass: 0
  widgetsAreStatic: 0
  cullWhileDragging: 0
  worldToLocal:
    e00: 0.5
    e01: 0
    e02: 0
    e03: 3.111097
    e10: 0
    e11: 0.5
    e12: 0
    e13: 0
    e20: 0
    e21: 0
    e22: 0.5
    e23: 55
    e30: 0
    e31: 0
    e32: 0
    e33: 1
  mAlpha: 1
  mDebugInfo: 1
  mClipping: 0
  mClipRange: {x: 0, y: 0, z: 0, w: 0}
  mClipSoftness: {x: 40, y: 40}
--- !u!1 &1172953994881657
GameObject:
  serializedVersion: 5
  m_Component:
  - component: {fileID: 4699884846465155}
  - component: {fileID: 65738965556274239}
  - component: {fileID: 114089062933504130}
  - component: {fileID: 114276198905129809}
  - component: {fileID: 114347653843590271}
  - component: {fileID: 114733632512918462}
  m_Layer: 9
  m_Name: _TimeScale
  m_TagString: Untagged
  m_Icon: {fileID: 0}
  m_NavMeshLayer: 0
  m_StaticEditorFlags: 0
  m_IsActive: 1
--- !u!4 &4699884846465155
Transform:
  m_GameObject: {fileID: 1172953994881657}
  m_LocalRotation: {x: 0, y: 0, z: 0, w: 1}
  m_LocalPosition: {x: -2.384186E-07, y: 0.7298244, z: 0}
  m_LocalScale: {x: 0.0045, y: 0.0045, z: 0.0075}
  m_Children:
  - {fileID: 4851033642333075}
  - {fileID: 4545608485926209}
  m_Father: {fileID: 4926350897464746}
  m_RootOrder: 0
  m_LocalEulerAnglesHint: {x: 0, y: 0, z: 0}
--- !u!65 &65738965556274239
BoxCollider:
  m_GameObject: {fileID: 1172953994881657}
  m_Material: {fileID: 0}
  m_IsTrigger: 1
  m_Enabled: 1
  serializedVersion: 2
  m_Size: {x: 300, y: 100, z: 0}
  m_Center: {x: 0, y: 0, z: -8.25}
--- !u!114 &114089062933504130
MonoBehaviour:
  m_GameObject: {fileID: 1172953994881657}
  m_Enabled: 1
  m_EditorHideFlags: 0
  m_Script: {fileID: 11500000, guid: eff605db9f989ff49bab2d6acf87be94, type: 3}
  m_Name:
  m_EditorClassIdentifier:
  sortByDepth: 0
  showInPanelTool: 1
  generateNormals: 0
  depthPass: 0
  widgetsAreStatic: 0
  cullWhileDragging: 0
  worldToLocal:
    e00: 111.1111
    e01: 0
    e02: 0
    e03: 691.3549
    e10: 0
    e11: 111.1111
    e12: 0
    e13: -162.1832
    e20: 0
    e21: 0
    e22: 66.66667
    e23: 7333.334
    e30: 0
    e31: 0
    e32: 0
    e33: 1
  mAlpha: 1
  mDebugInfo: 1
  mClipping: 0
  mClipRange: {x: 0, y: 0, z: 0, w: 0}
  mClipSoftness: {x: 40, y: 40}
--- !u!114 &114276198905129809
MonoBehaviour:
  m_GameObject: {fileID: 1172953994881657}
  m_Enabled: 1
  m_EditorHideFlags: 0
  m_Script: {fileID: 11500000, guid: 43c24c9702ee45d4a8a515da5a011f83, type: 3}
  m_Name:
  m_EditorClassIdentifier:
  sprite: {fileID: 0}
  mesh: {fileID: 0}
  doNotScale: 0
--- !u!114 &114347653843590271
MonoBehaviour:
  m_GameObject: {fileID: 1172953994881657}
  m_Enabled: 1
  m_EditorHideFlags: 0
  m_Script: {fileID: 11500000, guid: e2b63703d9df98e4eae9714e6d920f41, type: 3}
  m_Name:
  m_EditorClassIdentifier:
  permanent: 1
--- !u!114 &114733632512918462
MonoBehaviour:
  m_GameObject: {fileID: 1172953994881657}
  m_Enabled: 1
  m_EditorHideFlags: 0
  m_Script: {fileID: 11500000, guid: 78182c35ab2851b4191dafd0c4b17a9c, type: 3}
  m_Name:
  m_EditorClassIdentifier:
  leaveCollider: 0
  useOnClick: 1
  tutorial_ID:
  destroyWhenDone: 0
  removeInputEnablerWhenDone: 0
  componentsToEnable: []
  useInputEnablerWhenDone: 0
--- !u!1 &1212204667732911
GameObject:
  serializedVersion: 5
  m_Component:
  - component: {fileID: 4851033642333075}
  - component: {fileID: 114087593460244706}
  m_Layer: 9
  m_Name: TimeScale_BG
  m_TagString: Untagged
  m_Icon: {fileID: 0}
  m_NavMeshLayer: 0
  m_StaticEditorFlags: 0
  m_IsActive: 1
--- !u!4 &4851033642333075
Transform:
  m_GameObject: {fileID: 1212204667732911}
  m_LocalRotation: {x: 0, y: 0, z: 0, w: 1}
  m_LocalPosition: {x: 0, y: 0, z: 0}
  m_LocalScale: {x: 300, y: 90, z: 1}
  m_Children: []
  m_Father: {fileID: 4699884846465155}
  m_RootOrder: 0
  m_LocalEulerAnglesHint: {x: 0, y: 0, z: 0}
--- !u!114 &114087593460244706
MonoBehaviour:
  m_GameObject: {fileID: 1212204667732911}
  m_Enabled: 1
  m_EditorHideFlags: 0
  m_Script: {fileID: 11500000, guid: 329dbfc9ff0cad444957e0fabee092eb, type: 3}
  m_Name:
  m_EditorClassIdentifier:
  mColor: {r: 1, g: 0, b: 0, a: 1}
  mPivot: 4
  mDepth: 5
  mAtlas: {fileID: 114527030562954760, guid: bffcbb1e397468d40bdee4b503815586, type: 2}
  mSpriteName: CW_Grey
  mFillCenter: 1
  mType: 0
  mFillDirection: 4
  mFillAmount: 1
  mInvert: 0
--- !u!1 &1146621122345660
GameObject:
  serializedVersion: 5
  m_Component:
  - component: {fileID: 4545608485926209}
  - component: {fileID: 114234892708164361}
  m_Layer: 9
  m_Name: TimeScale_Label
  m_TagString: Untagged
  m_Icon: {fileID: 0}
  m_NavMeshLayer: 0
  m_StaticEditorFlags: 0
  m_IsActive: 1
--- !u!4 &4545608485926209
Transform:
  m_GameObject: {fileID: 1146621122345660}
  m_LocalRotation: {x: 0, y: 0, z: 0, w: 1}
  m_LocalPosition: {x: 0, y: 0, z: -2}
  m_LocalScale: {x: 60, y: 60, z: 1}
  m_Children: []
  m_Father: {fileID: 4699884846465155}
  m_RootOrder: 1
  m_LocalEulerAnglesHint: {x: 0, y: 0, z: 0}
--- !u!114 &114234892708164361
MonoBehaviour:
  m_GameObject: {fileID: 1146621122345660}
  m_Enabled: 1
  m_EditorHideFlags: 0
  m_Script: {fileID: 11500000, guid: ccde8050f6cc6ac4bb11f09abff4b109, type: 3}
  m_Name:
  m_EditorClassIdentifier:
  mColor: {r: 1, g: 1, b: 1, a: 1}
  mPivot: 4
  mDepth: 6
  mFont: {fileID: 114715186777532003, guid: e6e71b5c30265df40a4180d99e6a55bc, type: 2}
  mText: time scale
  mMaxLineWidth: 0
  mMaxLineHeight: 0
  mEncoding: 1
  mMaxLineCount: 0
  mPassword: 0
  mShowLastChar: 0
  mEffectStyle: 0
  mEffectColor: {r: 0, g: 0, b: 0, a: 1}
  mSymbols: 1
  mEffectDistance: {x: 1, y: 1}
  mShrinkToFit: 0
  mMaxFontSize: 128
  mLineWidth: 0
  mMultiline: 1
--- !u!1 &1090507654334630
GameObject:
  serializedVersion: 5
  m_Component:
  - component: {fileID: 4760188513665553}
  - component: {fileID: 65922978123909426}
  - component: {fileID: 114932482815942194}
  - component: {fileID: 114422074197626090}
  - component: {fileID: 114368945781507129}
  - component: {fileID: 114695546641354994}
  m_Layer: 9
  m_Name: A1
  m_TagString: Untagged
  m_Icon: {fileID: 0}
  m_NavMeshLayer: 0
  m_StaticEditorFlags: 0
  m_IsActive: 1
--- !u!4 &4760188513665553
Transform:
  m_GameObject: {fileID: 1090507654334630}
  m_LocalRotation: {x: 0, y: 0, z: 0, w: 1}
  m_LocalPosition: {x: 0, y: -0.2874064, z: 0}
  m_LocalScale: {x: 0.0045, y: 0.0045, z: 0.0075}
  m_Children:
  - {fileID: 4087388666928512}
  - {fileID: 4639307086656108}
  m_Father: {fileID: 4926350897464746}
  m_RootOrder: 1
  m_LocalEulerAnglesHint: {x: 0, y: 0, z: 0}
--- !u!65 &65922978123909426
BoxCollider:
  m_GameObject: {fileID: 1090507654334630}
  m_Material: {fileID: 0}
  m_IsTrigger: 1
  m_Enabled: 1
  serializedVersion: 2
  m_Size: {x: 300, y: 100, z: 0}
  m_Center: {x: 0, y: 0, z: -8.25}
--- !u!114 &114932482815942194
MonoBehaviour:
  m_GameObject: {fileID: 1090507654334630}
  m_Enabled: 1
  m_EditorHideFlags: 0
  m_Script: {fileID: 11500000, guid: eff605db9f989ff49bab2d6acf87be94, type: 3}
  m_Name:
  m_EditorClassIdentifier:
  sortByDepth: 0
  showInPanelTool: 1
  generateNormals: 0
  depthPass: 0
  widgetsAreStatic: 0
  cullWhileDragging: 0
  worldToLocal:
    e00: 111.1111
    e01: 0
    e02: 0
    e03: 691.3549
    e10: 0
    e11: 111.1111
    e12: 0
    e13: 63.8681
    e20: 0
    e21: 0
    e22: 66.66667
    e23: 7333.334
    e30: 0
    e31: 0
    e32: 0
    e33: 1
  mAlpha: 1
  mDebugInfo: 1
  mClipping: 0
  mClipRange: {x: 0, y: 0, z: 0, w: 0}
  mClipSoftness: {x: 40, y: 40}
--- !u!114 &114422074197626090
MonoBehaviour:
  m_GameObject: {fileID: 1090507654334630}
  m_Enabled: 1
  m_EditorHideFlags: 0
  m_Script: {fileID: 11500000, guid: 43c24c9702ee45d4a8a515da5a011f83, type: 3}
  m_Name:
  m_EditorClassIdentifier:
  sprite: {fileID: 0}
  mesh: {fileID: 0}
  doNotScale: 0
--- !u!114 &114368945781507129
MonoBehaviour:
  m_GameObject: {fileID: 1090507654334630}
  m_Enabled: 1
  m_EditorHideFlags: 0
  m_Script: {fileID: 11500000, guid: e2b63703d9df98e4eae9714e6d920f41, type: 3}
  m_Name:
  m_EditorClassIdentifier:
  permanent: 1
--- !u!114 &114695546641354994
MonoBehaviour:
  m_GameObject: {fileID: 1090507654334630}
  m_Enabled: 1
  m_EditorHideFlags: 0
  m_Script: {fileID: 11500000, guid: 6e747496cc7150a4d9a99cc04d45a720, type: 3}
  m_Name:
  m_EditorClassIdentifier:
  tutorial_ID: D0
  VOClip: {fileID: 0}
  VOLength: 0
  onlyOnce: 0
--- !u!1 &1196242210388841
GameObject:
  serializedVersion: 5
  m_Component:
  - component: {fileID: 4087388666928512}
  - component: {fileID: 114739641108569451}
  m_Layer: 9
  m_Name: Tutorial_BG
  m_TagString: Untagged
  m_Icon: {fileID: 0}
  m_NavMeshLayer: 0
  m_StaticEditorFlags: 0
  m_IsActive: 1
--- !u!4 &4087388666928512
Transform:
  m_GameObject: {fileID: 1196242210388841}
  m_LocalRotation: {x: 0, y: 0, z: 0, w: 1}
  m_LocalPosition: {x: 0, y: 0, z: 0}
  m_LocalScale: {x: 300, y: 90, z: 1}
  m_Children: []
  m_Father: {fileID: 4760188513665553}
  m_RootOrder: 0
  m_LocalEulerAnglesHint: {x: 0, y: 0, z: 0}
--- !u!114 &114739641108569451
MonoBehaviour:
  m_GameObject: {fileID: 1196242210388841}
  m_Enabled: 1
  m_EditorHideFlags: 0
  m_Script: {fileID: 11500000, guid: 329dbfc9ff0cad444957e0fabee092eb, type: 3}
  m_Name:
  m_EditorClassIdentifier:
  mColor: {r: 0, g: 0, b: 0, a: 1}
  mPivot: 4
  mDepth: 5
  mAtlas: {fileID: 114527030562954760, guid: bffcbb1e397468d40bdee4b503815586, type: 2}
  mSpriteName: CW_Grey
  mFillCenter: 1
  mType: 0
  mFillDirection: 4
  mFillAmount: 1
  mInvert: 0
--- !u!1 &1680960221275503
GameObject:
  serializedVersion: 5
  m_Component:
  - component: {fileID: 4639307086656108}
  - component: {fileID: 114914195821086618}
  m_Layer: 9
  m_Name: Tutorial_Label
  m_TagString: Untagged
  m_Icon: {fileID: 0}
  m_NavMeshLayer: 0
  m_StaticEditorFlags: 0
  m_IsActive: 1
--- !u!4 &4639307086656108
Transform:
  m_GameObject: {fileID: 1680960221275503}
  m_LocalRotation: {x: 0, y: 0, z: 0, w: 1}
  m_LocalPosition: {x: 0, y: 0, z: -2}
  m_LocalScale: {x: 60, y: 60, z: 1}
  m_Children: []
  m_Father: {fileID: 4760188513665553}
  m_RootOrder: 1
  m_LocalEulerAnglesHint: {x: 0, y: 0, z: 0}
--- !u!114 &114914195821086618
MonoBehaviour:
  m_GameObject: {fileID: 1680960221275503}
  m_Enabled: 1
  m_EditorHideFlags: 0
  m_Script: {fileID: 11500000, guid: ccde8050f6cc6ac4bb11f09abff4b109, type: 3}
  m_Name:
  m_EditorClassIdentifier:
  mColor: {r: 1, g: 1, b: 1, a: 1}
  mPivot: 4
  mDepth: 6
  mFont: {fileID: 114763157611755492, guid: bde1d416987068a45aef11c41e3c4e95, type: 2}
  mText: A1
  mMaxLineWidth: 0
  mMaxLineHeight: 0
  mEncoding: 1
  mMaxLineCount: 0
  mPassword: 0
  mShowLastChar: 0
  mEffectStyle: 0
  mEffectColor: {r: 0, g: 0, b: 0, a: 1}
  mSymbols: 1
  mEffectDistance: {x: 1, y: 1}
  mShrinkToFit: 0
  mMaxFontSize: 128
  mLineWidth: 0
  mMultiline: 1
--- !u!1 &1982401278201622
GameObject:
  serializedVersion: 5
  m_Component:
  - component: {fileID: 4569556270226355}
  - component: {fileID: 65327124351584218}
  - component: {fileID: 114148165077470413}
  - component: {fileID: 114233807414484079}
  - component: {fileID: 114429045767396742}
  - component: {fileID: 114618029662131620}
  m_Layer: 9
  m_Name: _Skip
  m_TagString: Untagged
  m_Icon: {fileID: 0}
  m_NavMeshLayer: 0
  m_StaticEditorFlags: 0
  m_IsActive: 1
--- !u!4 &4569556270226355
Transform:
  m_GameObject: {fileID: 1982401278201622}
  m_LocalRotation: {x: 0, y: 0, z: 0, w: 1}
  m_LocalPosition: {x: 0, y: 0.2161839, z: 0}
  m_LocalScale: {x: 0.0045, y: 0.0045, z: 0.0075}
  m_Children:
  - {fileID: 4536311204341017}
  - {fileID: 4940641125294715}
  m_Father: {fileID: 4926350897464746}
  m_RootOrder: 2
  m_LocalEulerAnglesHint: {x: 0, y: 0, z: 0}
--- !u!65 &65327124351584218
BoxCollider:
  m_GameObject: {fileID: 1982401278201622}
  m_Material: {fileID: 0}
  m_IsTrigger: 1
  m_Enabled: 1
  serializedVersion: 2
  m_Size: {x: 300, y: 100, z: 0}
  m_Center: {x: 0, y: 0, z: -8.25}
--- !u!114 &114148165077470413
MonoBehaviour:
  m_GameObject: {fileID: 1982401278201622}
  m_Enabled: 1
  m_EditorHideFlags: 0
  m_Script: {fileID: 11500000, guid: eff605db9f989ff49bab2d6acf87be94, type: 3}
  m_Name:
  m_EditorClassIdentifier:
  sortByDepth: 0
  showInPanelTool: 1
  generateNormals: 0
  depthPass: 0
  widgetsAreStatic: 0
  cullWhileDragging: 0
  worldToLocal:
    e00: 111.1111
    e01: 0
    e02: 0
    e03: 691.3549
    e10: 0
    e11: 111.1111
    e12: 0
    e13: -48.04087
    e20: 0
    e21: 0
    e22: 66.66667
    e23: 7333.334
    e30: 0
    e31: 0
    e32: 0
    e33: 1
  mAlpha: 1
  mDebugInfo: 1
  mClipping: 0
  mClipRange: {x: 0, y: 0, z: 0, w: 0}
  mClipSoftness: {x: 40, y: 40}
--- !u!114 &114233807414484079
MonoBehaviour:
  m_GameObject: {fileID: 1982401278201622}
  m_Enabled: 1
  m_EditorHideFlags: 0
  m_Script: {fileID: 11500000, guid: 43c24c9702ee45d4a8a515da5a011f83, type: 3}
  m_Name:
  m_EditorClassIdentifier:
  sprite: {fileID: 0}
  mesh: {fileID: 0}
  doNotScale: 0
--- !u!114 &114429045767396742
MonoBehaviour:
  m_GameObject: {fileID: 1982401278201622}
  m_Enabled: 1
  m_EditorHideFlags: 0
  m_Script: {fileID: 11500000, guid: e2b63703d9df98e4eae9714e6d920f41, type: 3}
  m_Name:
  m_EditorClassIdentifier:
  permanent: 1
--- !u!114 &114618029662131620
MonoBehaviour:
  m_GameObject: {fileID: 1982401278201622}
  m_Enabled: 1
  m_EditorHideFlags: 0
  m_Script: {fileID: 11500000, guid: 78182c35ab2851b4191dafd0c4b17a9c, type: 3}
  m_Name:
  m_EditorClassIdentifier:
  leaveCollider: 0
  useOnClick: 1
  tutorial_ID:
  destroyWhenDone: 0
  removeInputEnablerWhenDone: 0
  componentsToEnable: []
  useInputEnablerWhenDone: 0
--- !u!1 &1566496269107587
GameObject:
  serializedVersion: 5
  m_Component:
  - component: {fileID: 4536311204341017}
  - component: {fileID: 114861301480584907}
  m_Layer: 9
  m_Name: Skip_BG
  m_TagString: Untagged
  m_Icon: {fileID: 0}
  m_NavMeshLayer: 0
  m_StaticEditorFlags: 0
  m_IsActive: 1
--- !u!4 &4536311204341017
Transform:
  m_GameObject: {fileID: 1566496269107587}
  m_LocalRotation: {x: 0, y: 0, z: 0, w: 1}
  m_LocalPosition: {x: 0, y: 0, z: 0}
  m_LocalScale: {x: 300, y: 90, z: 1}
  m_Children: []
  m_Father: {fileID: 4569556270226355}
  m_RootOrder: 0
  m_LocalEulerAnglesHint: {x: 0, y: 0, z: 0}
--- !u!114 &114861301480584907
MonoBehaviour:
  m_GameObject: {fileID: 1566496269107587}
  m_Enabled: 1
  m_EditorHideFlags: 0
  m_Script: {fileID: 11500000, guid: 329dbfc9ff0cad444957e0fabee092eb, type: 3}
  m_Name:
  m_EditorClassIdentifier:
  mColor: {r: 1, g: 0, b: 0, a: 1}
  mPivot: 4
  mDepth: 5
  mAtlas: {fileID: 114527030562954760, guid: bffcbb1e397468d40bdee4b503815586, type: 2}
  mSpriteName: CW_Grey
  mFillCenter: 1
  mType: 0
  mFillDirection: 4
  mFillAmount: 1
  mInvert: 0
--- !u!1 &1715707956250593
GameObject:
  serializedVersion: 5
  m_Component:
  - component: {fileID: 4940641125294715}
  - component: {fileID: 114736776881543053}
  m_Layer: 9
  m_Name: Skip_Label
  m_TagString: Untagged
  m_Icon: {fileID: 0}
  m_NavMeshLayer: 0
  m_StaticEditorFlags: 0
  m_IsActive: 1
--- !u!4 &4940641125294715
Transform:
  m_GameObject: {fileID: 1715707956250593}
  m_LocalRotation: {x: 0, y: 0, z: 0, w: 1}
  m_LocalPosition: {x: 0, y: 0, z: -2}
  m_LocalScale: {x: 60, y: 60, z: 1}
  m_Children: []
  m_Father: {fileID: 4569556270226355}
  m_RootOrder: 1
  m_LocalEulerAnglesHint: {x: 0, y: 0, z: 0}
--- !u!114 &114736776881543053
MonoBehaviour:
  m_GameObject: {fileID: 1715707956250593}
  m_Enabled: 1
  m_EditorHideFlags: 0
  m_Script: {fileID: 11500000, guid: ccde8050f6cc6ac4bb11f09abff4b109, type: 3}
  m_Name:
  m_EditorClassIdentifier:
  mColor: {r: 1, g: 1, b: 1, a: 1}
  mPivot: 4
  mDepth: 6
  mFont: {fileID: 114715186777532003, guid: e6e71b5c30265df40a4180d99e6a55bc, type: 2}
  mText: SKIP
  mMaxLineWidth: 0
  mMaxLineHeight: 0
  mEncoding: 1
  mMaxLineCount: 0
  mPassword: 0
  mShowLastChar: 0
  mEffectStyle: 0
  mEffectColor: {r: 0, g: 0, b: 0, a: 1}
  mSymbols: 1
  mEffectDistance: {x: 1, y: 1}
  mShrinkToFit: 0
  mMaxFontSize: 128
  mLineWidth: 0
  mMultiline: 1
--- !u!1 &1471490975204575
GameObject:
  serializedVersion: 5
  m_Component:
  - component: {fileID: 4949222011945357}
  - component: {fileID: 65086564835791372}
  - component: {fileID: 114641392667310842}
  - component: {fileID: 114035029418458339}
  - component: {fileID: 114951428349647488}
  - component: {fileID: 114862267817471996}
  m_Layer: 9
  m_Name: A2
  m_TagString: Untagged
  m_Icon: {fileID: 0}
  m_NavMeshLayer: 0
  m_StaticEditorFlags: 0
  m_IsActive: 1
--- !u!4 &4949222011945357
Transform:
  m_GameObject: {fileID: 1471490975204575}
  m_LocalRotation: {x: 0, y: 0, z: 0, w: 1}
  m_LocalPosition: {x: 0, y: -0.773469, z: 0}
  m_LocalScale: {x: 0.0045, y: 0.0045, z: 0.0075}
  m_Children:
  - {fileID: 4724160963987889}
  - {fileID: 4278090571196852}
  m_Father: {fileID: 4926350897464746}
  m_RootOrder: 3
  m_LocalEulerAnglesHint: {x: 0, y: 0, z: 0}
--- !u!65 &65086564835791372
BoxCollider:
  m_GameObject: {fileID: 1471490975204575}
  m_Material: {fileID: 0}
  m_IsTrigger: 1
  m_Enabled: 1
  serializedVersion: 2
  m_Size: {x: 300, y: 100, z: 0}
  m_Center: {x: 0, y: 0, z: -8.25}
--- !u!114 &114641392667310842
MonoBehaviour:
  m_GameObject: {fileID: 1471490975204575}
  m_Enabled: 1
  m_EditorHideFlags: 0
  m_Script: {fileID: 11500000, guid: eff605db9f989ff49bab2d6acf87be94, type: 3}
  m_Name:
  m_EditorClassIdentifier:
  sortByDepth: 0
  showInPanelTool: 1
  generateNormals: 0
  depthPass: 0
  widgetsAreStatic: 0
  cullWhileDragging: 0
  worldToLocal:
    e00: 111.1111
    e01: 0
    e02: 0
    e03: 691.3549
    e10: 0
    e11: 111.1111
    e12: 0
    e13: 171.882
    e20: 0
    e21: 0
    e22: 66.66667
    e23: 7333.334
    e30: 0
    e31: 0
    e32: 0
    e33: 1
  mAlpha: 1
  mDebugInfo: 1
  mClipping: 0
  mClipRange: {x: 0, y: 0, z: 0, w: 0}
  mClipSoftness: {x: 40, y: 40}
--- !u!114 &114035029418458339
MonoBehaviour:
  m_GameObject: {fileID: 1471490975204575}
  m_Enabled: 1
  m_EditorHideFlags: 0
  m_Script: {fileID: 11500000, guid: 43c24c9702ee45d4a8a515da5a011f83, type: 3}
  m_Name:
  m_EditorClassIdentifier:
  sprite: {fileID: 0}
  mesh: {fileID: 0}
  doNotScale: 0
--- !u!114 &114951428349647488
MonoBehaviour:
  m_GameObject: {fileID: 1471490975204575}
  m_Enabled: 1
  m_EditorHideFlags: 0
  m_Script: {fileID: 11500000, guid: e2b63703d9df98e4eae9714e6d920f41, type: 3}
  m_Name:
  m_EditorClassIdentifier:
  permanent: 1
--- !u!114 &114862267817471996
MonoBehaviour:
  m_GameObject: {fileID: 1471490975204575}
  m_Enabled: 1
  m_EditorHideFlags: 0
  m_Script: {fileID: 11500000, guid: 6e747496cc7150a4d9a99cc04d45a720, type: 3}
  m_Name:
  m_EditorClassIdentifier:
  tutorial_ID: A2
  VOClip: {fileID: 0}
  VOLength: 0
  onlyOnce: 0
--- !u!1 &1525688439545353
GameObject:
  serializedVersion: 5
  m_Component:
  - component: {fileID: 4724160963987889}
  - component: {fileID: 114336725132209716}
  m_Layer: 9
  m_Name: Tutorial_BG
  m_TagString: Untagged
  m_Icon: {fileID: 0}
  m_NavMeshLayer: 0
  m_StaticEditorFlags: 0
  m_IsActive: 1
--- !u!4 &4724160963987889
Transform:
  m_GameObject: {fileID: 1525688439545353}
  m_LocalRotation: {x: 0, y: 0, z: 0, w: 1}
  m_LocalPosition: {x: 0, y: 0, z: 0}
  m_LocalScale: {x: 300, y: 90, z: 1}
  m_Children: []
  m_Father: {fileID: 4949222011945357}
  m_RootOrder: 0
  m_LocalEulerAnglesHint: {x: 0, y: 0, z: 0}
--- !u!114 &114336725132209716
MonoBehaviour:
  m_GameObject: {fileID: 1525688439545353}
  m_Enabled: 1
  m_EditorHideFlags: 0
  m_Script: {fileID: 11500000, guid: 329dbfc9ff0cad444957e0fabee092eb, type: 3}
  m_Name:
  m_EditorClassIdentifier:
  mColor: {r: 0, g: 0, b: 0, a: 1}
  mPivot: 4
  mDepth: 5
  mAtlas: {fileID: 114527030562954760, guid: bffcbb1e397468d40bdee4b503815586, type: 2}
  mSpriteName: CW_Grey
  mFillCenter: 1
  mType: 0
  mFillDirection: 4
  mFillAmount: 1
  mInvert: 0
--- !u!1 &1421947052921949
GameObject:
  serializedVersion: 5
  m_Component:
  - component: {fileID: 4278090571196852}
  - component: {fileID: 114823733055710749}
  m_Layer: 9
  m_Name: Tutorial_Label
  m_TagString: Untagged
  m_Icon: {fileID: 0}
  m_NavMeshLayer: 0
  m_StaticEditorFlags: 0
  m_IsActive: 1
--- !u!4 &4278090571196852
Transform:
  m_GameObject: {fileID: 1421947052921949}
  m_LocalRotation: {x: 0, y: 0, z: 0, w: 1}
  m_LocalPosition: {x: 0, y: 0, z: -2}
  m_LocalScale: {x: 60, y: 60, z: 1}
  m_Children: []
  m_Father: {fileID: 4949222011945357}
  m_RootOrder: 1
  m_LocalEulerAnglesHint: {x: 0, y: 0, z: 0}
--- !u!114 &114823733055710749
MonoBehaviour:
  m_GameObject: {fileID: 1421947052921949}
  m_Enabled: 1
  m_EditorHideFlags: 0
  m_Script: {fileID: 11500000, guid: ccde8050f6cc6ac4bb11f09abff4b109, type: 3}
  m_Name:
  m_EditorClassIdentifier:
  mColor: {r: 1, g: 1, b: 1, a: 1}
  mPivot: 4
  mDepth: 6
  mFont: {fileID: 114763157611755492, guid: bde1d416987068a45aef11c41e3c4e95, type: 2}
  mText: A2
  mMaxLineWidth: 0
  mMaxLineHeight: 0
  mEncoding: 1
  mMaxLineCount: 0
  mPassword: 0
  mShowLastChar: 0
  mEffectStyle: 0
  mEffectColor: {r: 0, g: 0, b: 0, a: 1}
  mSymbols: 1
  mEffectDistance: {x: 1, y: 1}
  mShrinkToFit: 0
  mMaxFontSize: 128
  mLineWidth: 0
  mMultiline: 1
