%YAML 1.1
%TAG !u! tag:unity3d.com,2011:
--- !u!1001 &100100000
Prefab:
  serializedVersion: 2
  m_Modification:
    m_TransformParent: {fileID: 0}
    m_Modifications: []
    m_RemovedComponents: []
  m_ParentPrefab: {fileID: 0}
  m_RootGameObject: {fileID: 1680897118033691}
  m_IsPrefabParent: 1
--- !u!1 &1680897118033691
GameObject:
  serializedVersion: 5
  m_Component:
  - component: {fileID: 4446444551560013}
  - component: {fileID: 114881081080221180}
  - component: {fileID: 114631204642995853}
  m_Layer: 23
  m_Name: FPS
  m_TagString: Untagged
  m_Icon: {fileID: 0}
  m_NavMeshLayer: 0
  m_StaticEditorFlags: 0
  m_IsActive: 1
--- !u!4 &4446444551560013
Transform:
  m_GameObject: {fileID: 1680897118033691}
  m_LocalRotation: {x: 0, y: 0, z: 0, w: 1}
  m_LocalPosition: {x: -1424.732, y: -96.64108, z: 0}
  m_LocalScale: {x: 0.01, y: 0.01, z: 0.01}
  m_Children:
  - {fileID: 4482549343997066}
  - {fileID: 4097343255798784}
  - {fileID: 4655248047054819}
  m_Father: {fileID: 0}
  m_RootOrder: 0
  m_LocalEulerAnglesHint: {x: 0, y: 0, z: 0}
--- !u!114 &114881081080221180
MonoBehaviour:
  m_GameObject: {fileID: 1680897118033691}
  m_Enabled: 1
  m_EditorHideFlags: 0
  m_Script: {fileID: 11500000, guid: eff605db9f989ff49bab2d6acf87be94, type: 3}
  m_Name:
  m_EditorClassIdentifier:
  sortByDepth: 1
  showInPanelTool: 1
  generateNormals: 0
  depthPass: 0
  widgetsAreStatic: 0
  cullWhileDragging: 0
  worldToLocal:
    e00: 100
    e01: 0
    e02: 0
    e03: 773.3333
    e10: 0
    e11: 100
    e12: 0
    e13: 1.1306
    e20: 0
    e21: 0
    e22: 100
    e23: 9999.995
    e30: 0
    e31: 0
    e32: 0
    e33: 1
  mAlpha: 1
  mDebugInfo: 1
  mClipping: 0
  mClipRange: {x: 0, y: 0, z: 0, w: 0}
  mClipSoftness: {x: 40, y: 40}
--- !u!114 &114631204642995853
MonoBehaviour:
  m_GameObject: {fileID: 1680897118033691}
  m_Enabled: 1
  m_EditorHideFlags: 0
  m_Script: {fileID: 11500000, guid: 5f26331e2d51cb44bbf1fa782bdc56f6, type: 3}
  m_Name:
  m_EditorClassIdentifier:
  uiCamera: {fileID: 0}
  widgetContainer: {fileID: 0}
  panelContainer: {fileID: 0}
  side: 1
  halfPixelOffset: 1
  runOnlyOnce: 0
  relativeOffset: {x: 0, y: 0}
  pixelOffset: {x: 0, y: 0}
  screenOffset: {x: 0, y: 0}
  depthOffset: 0
  useDepthOffset: 0
  parentObject: {fileID: 0}
  useParentObjectPosition: 0
  useCameraRectIfNotUsingParentObjectPosition: 1
  anchorEnabled: 1
  syncWidth: 0
  syncWidthOffset: 0
  syncWidthScale: 1
  syncHeight: 0
  syncHeightOffset: 0
  syncHeightScale: 1
  syncClippingWidth: 0
  syncClippingWidthOffset: 0
  syncClippingWidthScale: 1
  syncClippingHeight: 0
  syncClippingHeightOffset: 0
  syncClippingHeightScale: 1
  syncColliderWidth: 0
  syncColliderWidthOffset: 0
  syncColliderWidthScale: 1
  syncColliderHeight: 0
  syncColliderHeightOffset: 0
  syncColliderHeightScale: 1
--- !u!1 &1547316625944178
GameObject:
  serializedVersion: 5
  m_Component:
  - component: {fileID: 4482549343997066}
  - component: {fileID: 114047372979484477}
  - component: {fileID: 114174905810807726}
  m_Layer: 23
  m_Name: FrameRate_FPSCounter
  m_TagString: SilverStar
  m_Icon: {fileID: 0}
  m_NavMeshLayer: 0
  m_StaticEditorFlags: 0
  m_IsActive: 1
--- !u!4 &4482549343997066
Transform:
  m_GameObject: {fileID: 1547316625944178}
  m_LocalRotation: {x: 0, y: 0, z: 0, w: 1}
  m_LocalPosition: {x: 6.987061, y: 269, z: 4.768418E-05}
  m_LocalScale: {x: 96, y: 96, z: 1}
  m_Children: []
  m_Father: {fileID: 4446444551560013}
  m_RootOrder: 0
  m_LocalEulerAnglesHint: {x: 0, y: 0, z: 0}
--- !u!114 &114047372979484477
MonoBehaviour:
  m_GameObject: {fileID: 1547316625944178}
  m_Enabled: 1
  m_EditorHideFlags: 0
  m_Script: {fileID: 11500000, guid: ccde8050f6cc6ac4bb11f09abff4b109, type: 3}
  m_Name:
  m_EditorClassIdentifier:
  mColor: {r: 1, g: 1, b: 1, a: 1}
  mPivot: 3
  mDepth: 0
  mFont: {fileID: 114763157611755492, guid: bde1d416987068a45aef11c41e3c4e95, type: 2}
  mText: 30
  mMaxLineWidth: 0
  mMaxLineHeight: 0
  mEncoding: 1
  mMaxLineCount: 0
  mPassword: 0
  mShowLastChar: 0
  mEffectStyle: 0
  mEffectColor: {r: 0, g: 0, b: 0, a: 1}
  mSymbols: 1
  mEffectDistance: {x: 1, y: 1}
  mShrinkToFit: 0
  mMaxFontSize: 128
  mLineWidth: 0
  mMultiline: 1
--- !u!114 &114174905810807726
MonoBehaviour:
  m_GameObject: {fileID: 1547316625944178}
  m_Enabled: 1
  m_EditorHideFlags: 0
  m_Script: {fileID: 11500000, guid: 8d6dc9facafef8b41bdac44c8828ccf7, type: 3}
  m_Name:
  m_EditorClassIdentifier:
  frequency: 0.2
  bar: {fileID: 114576648903274487}
--- !u!1 &1063162736335478
GameObject:
  serializedVersion: 5
  m_Component:
  - component: {fileID: 4097343255798784}
  - component: {fileID: 114724041771543590}
  m_Layer: 23
  m_Name: FrameRate_BarBG
  m_TagString: SilverStar
  m_Icon: {fileID: 0}
  m_NavMeshLayer: 0
  m_StaticEditorFlags: 0
  m_IsActive: 1
--- !u!4 &4097343255798784
Transform:
  m_GameObject: {fileID: 1063162736335478}
  m_LocalRotation: {x: 0, y: 0, z: 0, w: 1}
  m_LocalPosition: {x: 13.7334, y: 45.18, z: 4.768418E-05}
  m_LocalScale: {x: 23, y: 334.0749, z: 1}
  m_Children: []
  m_Father: {fileID: 4446444551560013}
  m_RootOrder: 1
  m_LocalEulerAnglesHint: {x: 0, y: 0, z: 0}
--- !u!114 &114724041771543590
MonoBehaviour:
  m_GameObject: {fileID: 1063162736335478}
  m_Enabled: 1
  m_EditorHideFlags: 0
  m_Script: {fileID: 11500000, guid: 329dbfc9ff0cad444957e0fabee092eb, type: 3}
  m_Name:
  m_EditorClassIdentifier:
  mColor: {r: 0.09558821, g: 0.09558821, b: 0.09558821, a: 1}
  mPivot: 4
  mDepth: -1
  mAtlas: {fileID: 114527030562954760, guid: bffcbb1e397468d40bdee4b503815586, type: 2}
  mSpriteName: CW_Grey
  mFillCenter: 1
  mType: 3
  mFillDirection: 1
  mFillAmount: 1
  mInvert: 0
--- !u!1 &1034986248970940
GameObject:
  serializedVersion: 5
  m_Component:
  - component: {fileID: 4655248047054819}
  - component: {fileID: 114576648903274487}
  m_Layer: 23
  m_Name: FrameRate_Bar
  m_TagString: SilverStar
  m_Icon: {fileID: 0}
  m_NavMeshLayer: 0
  m_StaticEditorFlags: 0
  m_IsActive: 1
--- !u!4 &4655248047054819
Transform:
  m_GameObject: {fileID: 1034986248970940}
  m_LocalRotation: {x: 0, y: 0, z: 0, w: 1}
  m_LocalPosition: {x: 13.73364, y: 45.18, z: 4.768418E-05}
  m_LocalScale: {x: 23, y: 334.0749, z: 1}
  m_Children: []
  m_Father: {fileID: 4446444551560013}
  m_RootOrder: 2
  m_LocalEulerAnglesHint: {x: 0, y: 0, z: 0}
--- !u!114 &114576648903274487
MonoBehaviour:
  m_GameObject: {fileID: 1034986248970940}
  m_Enabled: 1
  m_EditorHideFlags: 0
  m_Script: {fileID: 11500000, guid: 329dbfc9ff0cad444957e0fabee092eb, type: 3}
  m_Name:
  m_EditorClassIdentifier:
  mColor: {r: 0.1586208, g: 1, b: 0, a: 1}
  mPivot: 4
  mDepth: 0
  mAtlas: {fileID: 114527030562954760, guid: bffcbb1e397468d40bdee4b503815586, type: 2}
  mSpriteName: CW_Grey
  mFillCenter: 1
  mType: 3
  mFillDirection: 1
  mFillAmount: 1
  mInvert: 0
