%YAML 1.1
%TAG !u! tag:unity3d.com,2011:
--- !u!1001 &100100000
Prefab:
  serializedVersion: 2
  m_Modification:
    m_TransformParent: {fileID: 0}
    m_Modifications: []
    m_RemovedComponents: []
  m_ParentPrefab: {fileID: 0}
  m_RootGameObject: {fileID: 1055122588792592}
  m_IsPrefabParent: 1
--- !u!1 &1055122588792592
GameObject:
  serializedVersion: 5
  m_Component:
  - component: {fileID: 4060845951212247}
  - component: {fileID: 82954352514529593}
  - component: {fileID: 114768356603593421}
  m_Layer: 9
  m_Name: FX_BattleFXHit
  m_TagString: Untagged
  m_Icon: {fileID: 0}
  m_NavMeshLayer: 0
  m_StaticEditorFlags: 0
  m_IsActive: 1
--- !u!4 &4060845951212247
Transform:
  m_GameObject: {fileID: 1055122588792592}
  m_LocalRotation: {x: 0, y: 0, z: 0, w: 1}
  m_LocalPosition: {x: 0, y: 0, z: 0}
  m_LocalScale: {x: 0.01, y: 0.01, z: 0.01}
  m_Children:
  - {fileID: 4571515638645712}
  - {fileID: 4288296826089585}
  - {fileID: 4464553747779859}
  m_Father: {fileID: 0}
  m_RootOrder: 0
  m_LocalEulerAnglesHint: {x: 0, y: 0, z: 0}
--- !u!82 &82954352514529593
AudioSource:
  m_GameObject: {fileID: 1055122588792592}
  m_Enabled: 1
  serializedVersion: 4
  OutputAudioMixerGroup: {fileID: 0}
  m_audioClip: {fileID: 8300000, guid: 55c52a8eb79a63344b71d2c60d45f22c, type: 3}
  m_PlayOnAwake: 1
  m_Volume: 1
  m_Pitch: 1
  Loop: 0
  Mute: 0
  Spatialize: 0
  SpatializePostEffects: 0
  Priority: 128
  DopplerLevel: 1
  MinDistance: 1
  MaxDistance: 62.38654
  Pan2D: 0
  rolloffMode: 0
  BypassEffects: 0
  BypassListenerEffects: 0
  BypassReverbZones: 0
  rolloffCustomCurve:
    serializedVersion: 2
    m_Curve:
    - serializedVersion: 2
      time: 0
      value: 1
      inSlope: 0
      outSlope: 0
      tangentMode: 0
    - serializedVersion: 2
      time: 1
      value: 0
      inSlope: 0
      outSlope: 0
      tangentMode: 0
    m_PreInfinity: 2
    m_PostInfinity: 2
    m_RotationOrder: 0
  panLevelCustomCurve:
    serializedVersion: 2
    m_Curve:
    - serializedVersion: 2
      time: 0
      value: 0
      inSlope: 0
      outSlope: 0
      tangentMode: 0
    m_PreInfinity: 2
    m_PostInfinity: 2
    m_RotationOrder: 0
  spreadCustomCurve:
    serializedVersion: 2
    m_Curve:
    - serializedVersion: 2
      time: 0
      value: 0
      inSlope: 0
      outSlope: 0
      tangentMode: 0
    m_PreInfinity: 2
    m_PostInfinity: 2
    m_RotationOrder: 0
  reverbZoneMixCustomCurve:
    serializedVersion: 2
    m_Curve:
    - serializedVersion: 2
      time: 0
      value: 0
      inSlope: 0
      outSlope: 0
      tangentMode: 0
    m_PreInfinity: 2
    m_PostInfinity: 2
    m_RotationOrder: 0
--- !u!114 &114768356603593421
MonoBehaviour:
  m_GameObject: {fileID: 1055122588792592}
  m_Enabled: 1
  m_EditorHideFlags: 0
  m_Script: {fileID: 11500000, guid: 9371e0df4fa0b1c45860dc7af7acb1bd, type: 3}
  m_Name:
  m_EditorClassIdentifier:
  obj: {fileID: 0}
  timer: 2
--- !u!1 &1243543468137750
GameObject:
  serializedVersion: 5
  m_Component:
  - component: {fileID: 4571515638645712}
  - component: {fileID: 114053426776399428}
  - component: {fileID: 114508087685237970}
  m_Layer: 9
  m_Name: AttackLevel_Label
  m_TagString: Untagged
  m_Icon: {fileID: 0}
  m_NavMeshLayer: 0
  m_StaticEditorFlags: 0
  m_IsActive: 1
--- !u!4 &4571515638645712
Transform:
  m_GameObject: {fileID: 1243543468137750}
  m_LocalRotation: {x: 0, y: 0, z: 0, w: 1}
  m_LocalPosition: {x: 0, y: 0, z: 0}
  m_LocalScale: {x: 128, y: 128, z: 1}
  m_Children: []
  m_Father: {fileID: 4060845951212247}
  m_RootOrder: 0
  m_LocalEulerAnglesHint: {x: 0, y: 0, z: 0}
--- !u!114 &114053426776399428
MonoBehaviour:
  m_GameObject: {fileID: 1243543468137750}
  m_Enabled: 1
  m_EditorHideFlags: 0
  m_Script: {fileID: 11500000, guid: ccde8050f6cc6ac4bb11f09abff4b109, type: 3}
  m_Name:
  m_EditorClassIdentifier:
  mColor: {r: 0.862069, g: 1, b: 0, a: 1}
  mPivot: 4
  mDepth: 0
  mFont: {fileID: 114763157611755492, guid: bde1d416987068a45aef11c41e3c4e95, type: 2}
  mText: ATTACK x 1
  mMaxLineWidth: 0
  mMaxLineHeight: 0
  mEncoding: 1
  mMaxLineCount: 0
  mPassword: 0
  mShowLastChar: 0
  mEffectStyle: 2
  mEffectColor: {r: 1, g: 0.4117647, b: 0, a: 1}
  mSymbols: 1
  mEffectDistance: {x: 5, y: 5}
  mShrinkToFit: 0
  mMaxFontSize: 128
  mLineWidth: 0
  mMultiline: 1
--- !u!114 &114508087685237970
MonoBehaviour:
  m_GameObject: {fileID: 1243543468137750}
  m_Enabled: 1
  m_EditorHideFlags: 0
  m_Script: {fileID: 11500000, guid: ba13535fb72554843b7328ffdc066b7b, type: 3}
  m_Name:
  m_EditorClassIdentifier:
  label:
  method: 3
  style: 0
  animationCurve:
    serializedVersion: 2
    m_Curve:
    - serializedVersion: 2
      time: 0
      value: 0
      inSlope: 0
      outSlope: 0
      tangentMode: 0
    - serializedVersion: 2
      time: 1
      value: 1
      inSlope: 2
      outSlope: 2
      tangentMode: 0
    m_PreInfinity: 2
    m_PostInfinity: 2
    m_RotationOrder: 0
  ignoreTimeScale: 1
  delay: 0
  duration: 1
  steeperCurves: 0
  tweenGroup: 0
  DisableInputWhileTweening: 0
  eventReceiver: {fileID: 0}
  callWhenFinished:
  from: 0.6
  to: 0
--- !u!1 &1881010560126147
GameObject:
  serializedVersion: 5
  m_Component:
  - component: {fileID: 4288296826089585}
  - component: {fileID: 114238843171769936}
  - component: {fileID: 114657657223011909}
  - component: {fileID: 114356110058983455}
  m_Layer: 9
  m_Name: AttackLevel_Label_Scale
  m_TagString: Untagged
  m_Icon: {fileID: 0}
  m_NavMeshLayer: 0
  m_StaticEditorFlags: 0
  m_IsActive: 1
--- !u!4 &4288296826089585
Transform:
  m_GameObject: {fileID: 1881010560126147}
  m_LocalRotation: {x: 0, y: 0, z: 0, w: 1}
  m_LocalPosition: {x: 0, y: 0, z: 0}
  m_LocalScale: {x: 128, y: 128, z: 100}
  m_Children: []
  m_Father: {fileID: 4060845951212247}
  m_RootOrder: 1
  m_LocalEulerAnglesHint: {x: 0, y: 0, z: 0}
--- !u!114 &114238843171769936
MonoBehaviour:
  m_GameObject: {fileID: 1881010560126147}
  m_Enabled: 1
  m_EditorHideFlags: 0
  m_Script: {fileID: 11500000, guid: ccde8050f6cc6ac4bb11f09abff4b109, type: 3}
  m_Name:
  m_EditorClassIdentifier:
  mColor: {r: 1, g: 1, b: 1, a: 1}
  mPivot: 4
  mDepth: 1
  mFont: {fileID: 114763157611755492, guid: bde1d416987068a45aef11c41e3c4e95, type: 2}
  mText: ATTACK x 1
  mMaxLineWidth: 0
  mMaxLineHeight: 0
  mEncoding: 1
  mMaxLineCount: 0
  mPassword: 0
  mShowLastChar: 0
  mEffectStyle: 2
  mEffectColor: {r: 0.9448276, g: 1, b: 0, a: 1}
  mSymbols: 1
  mEffectDistance: {x: 5, y: 5}
  mShrinkToFit: 0
  mMaxFontSize: 128
  mLineWidth: 0
  mMultiline: 1
--- !u!114 &114657657223011909
MonoBehaviour:
  m_GameObject: {fileID: 1881010560126147}
  m_Enabled: 1
  m_EditorHideFlags: 0
  m_Script: {fileID: 11500000, guid: cbb3c4554a9de5a49bf4cc94ba7e60ed, type: 3}
  m_Name:
  m_EditorClassIdentifier:
  label:
  method: 2
  style: 0
  animationCurve:
    serializedVersion: 2
    m_Curve:
    - serializedVersion: 2
      time: 0
      value: 0
      inSlope: 2
      outSlope: 2
      tangentMode: 0
    - serializedVersion: 2
      time: 1
      value: 1
      inSlope: 0
      outSlope: 0
      tangentMode: 0
    m_PreInfinity: 2
    m_PostInfinity: 2
    m_RotationOrder: 0
  ignoreTimeScale: 1
  delay: 0
  duration: 0.5
  steeperCurves: 0
  tweenGroup: 0
  DisableInputWhileTweening: 0
  eventReceiver: {fileID: 0}
  callWhenFinished:
  from: {x: 80, y: 80, z: 0.0001}
  to: {x: 160, y: 160, z: 0.0001}
  updateTable: 0
--- !u!114 &114356110058983455
MonoBehaviour:
  m_GameObject: {fileID: 1881010560126147}
  m_Enabled: 1
  m_EditorHideFlags: 0
  m_Script: {fileID: 11500000, guid: ba13535fb72554843b7328ffdc066b7b, type: 3}
  m_Name:
  m_EditorClassIdentifier:
  label:
  method: 3
  style: 0
  animationCurve:
    serializedVersion: 2
    m_Curve:
    - serializedVersion: 2
      time: 0
      value: 0
      inSlope: 0
      outSlope: 0
      tangentMode: 0
    - serializedVersion: 2
      time: 1
      value: 1
      inSlope: 2
      outSlope: 2
      tangentMode: 0
    m_PreInfinity: 2
    m_PostInfinity: 2
    m_RotationOrder: 0
  ignoreTimeScale: 1
  delay: 0
  duration: 0.5
  steeperCurves: 0
  tweenGroup: 0
  DisableInputWhileTweening: 0
  eventReceiver: {fileID: 0}
  callWhenFinished:
  from: 0.6
  to: 0
--- !u!1 &1854609256554041
GameObject:
  serializedVersion: 5
  m_Component:
  - component: {fileID: 4464553747779859}
  - component: {fileID: 111059929059880289}
  m_Layer: 9
  m_Name: FxDamageBattle
  m_TagString: Untagged
  m_Icon: {fileID: 0}
  m_NavMeshLayer: 0
  m_StaticEditorFlags: 0
  m_IsActive: 1
--- !u!4 &4464553747779859
Transform:
  m_GameObject: {fileID: 1854609256554041}
  m_LocalRotation: {x: 0, y: 1, z: 0, w: -1.629207E-07}
  m_LocalPosition: {x: 0, y: 0, z: 0}
  m_LocalScale: {x: 1, y: 1, z: 1}
  m_Children:
  - {fileID: 4832837096315858}
  - {fileID: 4813863821836019}
  - {fileID: 4777889555369738}
  - {fileID: 4914692857384123}
  - {fileID: 4809419788290012}
  - {fileID: 4841618011236382}
  - {fileID: 4882257642862001}
  m_Father: {fileID: 4060845951212247}
  m_RootOrder: 2
  m_LocalEulerAnglesHint: {x: 180, y: 1.866934E-05, z: 180}
--- !u!111 &111059929059880289
Animation:
  m_GameObject: {fileID: 1854609256554041}
  m_Enabled: 1
  serializedVersion: 3
  m_Animation: {fileID: 0}
  m_Animations:
  - {fileID: 7400000, guid: 8503ae56aa3ae3a4eb92c2706583c3f2, type: 2}
  m_WrapMode: 0
  m_PlayAutomatically: 1
  m_AnimatePhysics: 0
  m_CullingType: 0
--- !u!1 &1120042401818050
GameObject:
  serializedVersion: 5
  m_Component:
  - component: {fileID: 4832837096315858}
  - component: {fileID: 33068062414676099}
  - component: {fileID: 23759930064603505}
  m_Layer: 9
  m_Name: Poof 1
  m_TagString: Untagged
  m_Icon: {fileID: 0}
  m_NavMeshLayer: 0
  m_StaticEditorFlags: 0
  m_IsActive: 1
--- !u!4 &4832837096315858
Transform:
  m_GameObject: {fileID: 1120042401818050}
  m_LocalRotation: {x: 0, y: 0, z: 1.490116E-08, w: 1}
  m_LocalPosition: {x: -46.42298, y: -239.2931, z: 7.464426}
  m_LocalScale: {x: 0.0001, y: 0.0001, z: 0.0001}
  m_Children: []
  m_Father: {fileID: 4464553747779859}
  m_RootOrder: 0
  m_LocalEulerAnglesHint: {x: 0, y: 0, z: -1.707547E-06}
--- !u!33 &33068062414676099
MeshFilter:
  m_GameObject: {fileID: 1120042401818050}
  m_Mesh: {fileID: 4300000, guid: 08627ebc1007abb41bd3c2ea24c06505, type: 2}
--- !u!23 &23759930064603505
MeshRenderer:
  m_GameObject: {fileID: 1120042401818050}
  m_Enabled: 1
  m_CastShadows: 1
  m_ReceiveShadows: 1
  m_DynamicOccludee: 1
  m_MotionVectors: 1
  m_LightProbeUsage: 0
  m_ReflectionProbeUsage: 1
  m_Materials:
  - {fileID: 2100000, guid: 91372a51312bc9540bb1786615ea88eb, type: 2}
  m_StaticBatchInfo:
    firstSubMesh: 0
    subMeshCount: 0
  m_StaticBatchRoot: {fileID: 0}
  m_ProbeAnchor: {fileID: 0}
  m_LightProbeVolumeOverride: {fileID: 0}
  m_ScaleInLightmap: 1
  m_PreserveUVs: 0
  m_IgnoreNormalsForChartDetection: 0
  m_ImportantGI: 0
  m_StitchLightmapSeams: 0
  m_SelectedEditorRenderState: 3
  m_MinimumChartSize: 4
  m_AutoUVMaxDistance: 0.5
  m_AutoUVMaxAngle: 89
  m_LightmapParameters: {fileID: 0}
  m_SortingLayerID: 0
  m_SortingLayer: 0
  m_SortingOrder: 0
--- !u!1 &1376945284791945
GameObject:
  serializedVersion: 5
  m_Component:
  - component: {fileID: 4813863821836019}
  - component: {fileID: 33838944520522096}
  - component: {fileID: 23161667080530538}
  m_Layer: 9
  m_Name: Poof 2
  m_TagString: Untagged
  m_Icon: {fileID: 0}
  m_NavMeshLayer: 0
  m_StaticEditorFlags: 0
  m_IsActive: 1
--- !u!4 &4813863821836019
Transform:
  m_GameObject: {fileID: 1376945284791945}
  m_LocalRotation: {x: 4.760093E-15, y: 2.395935E-15, z: 0.8932315, w: -0.449597}
  m_LocalPosition: {x: -1, y: 1, z: 1}
  m_LocalScale: {x: 0.3731655, y: 0.3731655, z: 0.6213014}
  m_Children: []
  m_Father: {fileID: 4464553747779859}
  m_RootOrder: 1
  m_LocalEulerAnglesHint: {x: 1.356851E-19, y: 6.106665E-13, z: 126.5643}
--- !u!33 &33838944520522096
MeshFilter:
  m_GameObject: {fileID: 1376945284791945}
  m_Mesh: {fileID: 4300000, guid: 7f55df1534a29b74b85d619cc4dfae91, type: 2}
--- !u!23 &23161667080530538
MeshRenderer:
  m_GameObject: {fileID: 1376945284791945}
  m_Enabled: 1
  m_CastShadows: 1
  m_ReceiveShadows: 1
  m_DynamicOccludee: 1
  m_MotionVectors: 1
  m_LightProbeUsage: 0
  m_ReflectionProbeUsage: 1
  m_Materials:
  - {fileID: 2100000, guid: 91372a51312bc9540bb1786615ea88eb, type: 2}
  m_StaticBatchInfo:
    firstSubMesh: 0
    subMeshCount: 0
  m_StaticBatchRoot: {fileID: 0}
  m_ProbeAnchor: {fileID: 0}
  m_LightProbeVolumeOverride: {fileID: 0}
  m_ScaleInLightmap: 1
  m_PreserveUVs: 0
  m_IgnoreNormalsForChartDetection: 0
  m_ImportantGI: 0
  m_StitchLightmapSeams: 0
  m_SelectedEditorRenderState: 3
  m_MinimumChartSize: 4
  m_AutoUVMaxDistance: 0.5
  m_AutoUVMaxAngle: 89
  m_LightmapParameters: {fileID: 0}
  m_SortingLayerID: 0
  m_SortingLayer: 0
  m_SortingOrder: 0
--- !u!1 &1580268083002956
GameObject:
  serializedVersion: 5
  m_Component:
  - component: {fileID: 4777889555369738}
  - component: {fileID: 33984745351016320}
  - component: {fileID: 23506062219331478}
  m_Layer: 9
  m_Name: Poof 3
  m_TagString: Untagged
  m_Icon: {fileID: 0}
  m_NavMeshLayer: 0
  m_StaticEditorFlags: 0
  m_IsActive: 1
--- !u!4 &4777889555369738
Transform:
  m_GameObject: {fileID: 1580268083002956}
  m_LocalRotation: {x: 0, y: 0, z: 7.450581E-09, w: 1}
  m_LocalPosition: {x: 129.1051, y: 22.27739, z: -2.422333E-05}
  m_LocalScale: {x: 0.0001, y: 0.0001, z: 0.0001}
  m_Children: []
  m_Father: {fileID: 4464553747779859}
  m_RootOrder: 2
  m_LocalEulerAnglesHint: {x: 0, y: 0, z: -8.537737E-07}
--- !u!33 &33984745351016320
MeshFilter:
  m_GameObject: {fileID: 1580268083002956}
  m_Mesh: {fileID: 4300000, guid: 2bc4d6702d0243b458318b989a7276d8, type: 2}
--- !u!23 &23506062219331478
MeshRenderer:
  m_GameObject: {fileID: 1580268083002956}
  m_Enabled: 1
  m_CastShadows: 1
  m_ReceiveShadows: 1
  m_DynamicOccludee: 1
  m_MotionVectors: 1
  m_LightProbeUsage: 0
  m_ReflectionProbeUsage: 1
  m_Materials:
  - {fileID: 2100000, guid: 91372a51312bc9540bb1786615ea88eb, type: 2}
  m_StaticBatchInfo:
    firstSubMesh: 0
    subMeshCount: 0
  m_StaticBatchRoot: {fileID: 0}
  m_ProbeAnchor: {fileID: 0}
  m_LightProbeVolumeOverride: {fileID: 0}
  m_ScaleInLightmap: 1
  m_PreserveUVs: 0
  m_IgnoreNormalsForChartDetection: 0
  m_ImportantGI: 0
  m_StitchLightmapSeams: 0
  m_SelectedEditorRenderState: 3
  m_MinimumChartSize: 4
  m_AutoUVMaxDistance: 0.5
  m_AutoUVMaxAngle: 89
  m_LightmapParameters: {fileID: 0}
  m_SortingLayerID: 0
  m_SortingLayer: 0
  m_SortingOrder: 0
--- !u!1 &1265317883703305
GameObject:
  serializedVersion: 5
  m_Component:
  - component: {fileID: 4914692857384123}
  - component: {fileID: 33799163379363207}
  - component: {fileID: 23328711821930627}
  m_Layer: 9
  m_Name: Poof 4
  m_TagString: Untagged
  m_Icon: {fileID: 0}
  m_NavMeshLayer: 0
  m_StaticEditorFlags: 0
  m_IsActive: 1
--- !u!4 &4914692857384123
Transform:
  m_GameObject: {fileID: 1265317883703305}
  m_LocalRotation: {x: 0, y: 0, z: 1.490116E-08, w: 1}
  m_LocalPosition: {x: -183.9945, y: 43.20394, z: -2.422333E-05}
  m_LocalScale: {x: 0.0001, y: 0.0001, z: 0.0001}
  m_Children: []
  m_Father: {fileID: 4464553747779859}
  m_RootOrder: 3
  m_LocalEulerAnglesHint: {x: 0, y: 0, z: -1.707547E-06}
--- !u!33 &33799163379363207
MeshFilter:
  m_GameObject: {fileID: 1265317883703305}
  m_Mesh: {fileID: 4300000, guid: f46107c2305883e4e808a5f4b50f15da, type: 2}
--- !u!23 &23328711821930627
MeshRenderer:
  m_GameObject: {fileID: 1265317883703305}
  m_Enabled: 1
  m_CastShadows: 1
  m_ReceiveShadows: 1
  m_DynamicOccludee: 1
  m_MotionVectors: 1
  m_LightProbeUsage: 0
  m_ReflectionProbeUsage: 1
  m_Materials:
  - {fileID: 2100000, guid: 91372a51312bc9540bb1786615ea88eb, type: 2}
  m_StaticBatchInfo:
    firstSubMesh: 0
    subMeshCount: 0
  m_StaticBatchRoot: {fileID: 0}
  m_ProbeAnchor: {fileID: 0}
  m_LightProbeVolumeOverride: {fileID: 0}
  m_ScaleInLightmap: 1
  m_PreserveUVs: 0
  m_IgnoreNormalsForChartDetection: 0
  m_ImportantGI: 0
  m_StitchLightmapSeams: 0
  m_SelectedEditorRenderState: 3
  m_MinimumChartSize: 4
  m_AutoUVMaxDistance: 0.5
  m_AutoUVMaxAngle: 89
  m_LightmapParameters: {fileID: 0}
  m_SortingLayerID: 0
  m_SortingLayer: 0
  m_SortingOrder: 0
--- !u!1 &1894145394684524
GameObject:
  serializedVersion: 5
  m_Component:
  - component: {fileID: 4809419788290012}
  - component: {fileID: 33819066357906818}
  - component: {fileID: 23374604735825781}
  m_Layer: 9
  m_Name: Red Flash
  m_TagString: Untagged
  m_Icon: {fileID: 0}
  m_NavMeshLayer: 0
  m_StaticEditorFlags: 0
  m_IsActive: 1
--- !u!4 &4809419788290012
Transform:
  m_GameObject: {fileID: 1894145394684524}
  m_LocalRotation: {x: 2.796618E-09, y: 5.52303E-08, z: 0.9987205, w: 0.0505708}
  m_LocalPosition: {x: -60.7941, y: 7.827943, z: 15.92557}
  m_LocalScale: {x: 0.0001, y: 0.0001, z: 0.0001}
  m_Children: []
  m_Father: {fileID: 4464553747779859}
  m_RootOrder: 4
  m_LocalEulerAnglesHint: {x: 6.337033E-06, y: 4.73376E-15, z: -174.2025}
--- !u!33 &33819066357906818
MeshFilter:
  m_GameObject: {fileID: 1894145394684524}
  m_Mesh: {fileID: 4300000, guid: 3e780c2e7dd16f64c9ea588e221de0f9, type: 2}
--- !u!23 &23374604735825781
MeshRenderer:
  m_GameObject: {fileID: 1894145394684524}
  m_Enabled: 1
  m_CastShadows: 1
  m_ReceiveShadows: 1
  m_DynamicOccludee: 1
  m_MotionVectors: 1
  m_LightProbeUsage: 0
  m_ReflectionProbeUsage: 1
  m_Materials:
  - {fileID: 2100000, guid: 91372a51312bc9540bb1786615ea88eb, type: 2}
  m_StaticBatchInfo:
    firstSubMesh: 0
    subMeshCount: 0
  m_StaticBatchRoot: {fileID: 0}
  m_ProbeAnchor: {fileID: 0}
  m_LightProbeVolumeOverride: {fileID: 0}
  m_ScaleInLightmap: 1
  m_PreserveUVs: 0
  m_IgnoreNormalsForChartDetection: 0
  m_ImportantGI: 0
  m_StitchLightmapSeams: 0
  m_SelectedEditorRenderState: 3
  m_MinimumChartSize: 4
  m_AutoUVMaxDistance: 0.5
  m_AutoUVMaxAngle: 89
  m_LightmapParameters: {fileID: 0}
  m_SortingLayerID: 0
  m_SortingLayer: 0
  m_SortingOrder: 0
--- !u!1 &1791416345066806
GameObject:
  serializedVersion: 5
  m_Component:
  - component: {fileID: 4841618011236382}
  - component: {fileID: 33210150179747433}
  - component: {fileID: 23133403219112318}
  m_Layer: 9
  m_Name: Ring
  m_TagString: Untagged
  m_Icon: {fileID: 0}
  m_NavMeshLayer: 0
  m_StaticEditorFlags: 0
  m_IsActive: 1
--- !u!4 &4841618011236382
Transform:
  m_GameObject: {fileID: 1791416345066806}
  m_LocalRotation: {x: 0, y: 0, z: -0.06528196, w: 0.9978669}
  m_LocalPosition: {x: -39.08088, y: -41.45253, z: -29.65463}
  m_LocalScale: {x: 0.0001, y: 0.0001, z: 0.0001}
  m_Children: []
  m_Father: {fileID: 4464553747779859}
  m_RootOrder: 5
  m_LocalEulerAnglesHint: {x: 0, y: 0, z: 7.486086}
--- !u!33 &33210150179747433
MeshFilter:
  m_GameObject: {fileID: 1791416345066806}
  m_Mesh: {fileID: 4300000, guid: 88df93ce978dfd647b8bb07c90b78e61, type: 2}
--- !u!23 &23133403219112318
MeshRenderer:
  m_GameObject: {fileID: 1791416345066806}
  m_Enabled: 1
  m_CastShadows: 1
  m_ReceiveShadows: 1
  m_DynamicOccludee: 1
  m_MotionVectors: 1
  m_LightProbeUsage: 0
  m_ReflectionProbeUsage: 1
  m_Materials:
  - {fileID: 2100000, guid: 91372a51312bc9540bb1786615ea88eb, type: 2}
  m_StaticBatchInfo:
    firstSubMesh: 0
    subMeshCount: 0
  m_StaticBatchRoot: {fileID: 0}
  m_ProbeAnchor: {fileID: 0}
  m_LightProbeVolumeOverride: {fileID: 0}
  m_ScaleInLightmap: 1
  m_PreserveUVs: 0
  m_IgnoreNormalsForChartDetection: 0
  m_ImportantGI: 0
  m_StitchLightmapSeams: 0
  m_SelectedEditorRenderState: 3
  m_MinimumChartSize: 4
  m_AutoUVMaxDistance: 0.5
  m_AutoUVMaxAngle: 89
  m_LightmapParameters: {fileID: 0}
  m_SortingLayerID: 0
  m_SortingLayer: 0
  m_SortingOrder: 0
--- !u!1 &1596533872934866
GameObject:
  serializedVersion: 5
  m_Component:
  - component: {fileID: 4882257642862001}
  - component: {fileID: 33512796921401777}
  - component: {fileID: 23377919608474404}
  m_Layer: 9
  m_Name: Star
  m_TagString: Untagged
  m_Icon: {fileID: 0}
  m_NavMeshLayer: 0
  m_StaticEditorFlags: 0
  m_IsActive: 1
--- !u!4 &4882257642862001
Transform:
  m_GameObject: {fileID: 1596533872934866}
  m_LocalRotation: {x: 0, y: 0, z: -0.02445894, w: 0.9997008}
  m_LocalPosition: {x: -39.04183, y: -40.59768, z: 22.97055}
  m_LocalScale: {x: 9.999999E-05, y: 9.999999E-05, z: 0.0001}
  m_Children: []
  m_Father: {fileID: 4464553747779859}
  m_RootOrder: 6
  m_LocalEulerAnglesHint: {x: 0, y: 0, z: 2.803068}
--- !u!33 &33512796921401777
MeshFilter:
  m_GameObject: {fileID: 1596533872934866}
  m_Mesh: {fileID: 4300000, guid: dc32c5702a5f902468fdce4f0bd7b6cd, type: 2}
--- !u!23 &23377919608474404
MeshRenderer:
  m_GameObject: {fileID: 1596533872934866}
  m_Enabled: 1
  m_CastShadows: 1
  m_ReceiveShadows: 1
  m_DynamicOccludee: 1
  m_MotionVectors: 1
  m_LightProbeUsage: 0
  m_ReflectionProbeUsage: 1
  m_Materials:
  - {fileID: 2100000, guid: 91372a51312bc9540bb1786615ea88eb, type: 2}
  m_StaticBatchInfo:
    firstSubMesh: 0
    subMeshCount: 0
  m_StaticBatchRoot: {fileID: 0}
  m_ProbeAnchor: {fileID: 0}
  m_LightProbeVolumeOverride: {fileID: 0}
  m_ScaleInLightmap: 1
  m_PreserveUVs: 0
  m_IgnoreNormalsForChartDetection: 0
  m_ImportantGI: 0
  m_StitchLightmapSeams: 0
  m_SelectedEditorRenderState: 3
  m_MinimumChartSize: 4
  m_AutoUVMaxDistance: 0.5
  m_AutoUVMaxAngle: 89
  m_LightmapParameters: {fileID: 0}
  m_SortingLayerID: 0
  m_SortingLayer: 0
  m_SortingOrder: 0
