%YAML 1.1
%TAG !u! tag:unity3d.com,2011:
--- !u!1001 &100100000
Prefab:
  serializedVersion: 2
  m_Modification:
    m_TransformParent: {fileID: 0}
    m_Modifications: []
    m_RemovedComponents: []
  m_ParentPrefab: {fileID: 0}
  m_RootGameObject: {fileID: 1982376173224835}
  m_IsPrefabParent: 1
--- !u!1 &1982376173224835
GameObject:
  serializedVersion: 5
  m_Component:
  - component: {fileID: 4148314842256860}
  - component: {fileID: 111176317428660137}
  m_Layer: 0
  m_Name: Land_Cotton1
  m_TagString: Untagged
  m_Icon: {fileID: 0}
  m_NavMeshLayer: 0
  m_StaticEditorFlags: 0
  m_IsActive: 1
--- !u!4 &4148314842256860
Transform:
  m_GameObject: {fileID: 1982376173224835}
  m_LocalRotation: {x: 0, y: 0, z: 0, w: 1}
  m_LocalPosition: {x: 0, y: 0, z: 0}
  m_LocalScale: {x: 1, y: 1, z: 1}
  m_Children:
  - {fileID: 4311989704585384}
  - {fileID: 4341906123744588}
  m_Father: {fileID: 0}
  m_RootOrder: 0
  m_LocalEulerAnglesHint: {x: 0, y: 0, z: 0}
--- !u!111 &111176317428660137
Animation:
  m_GameObject: {fileID: 1982376173224835}
  m_Enabled: 1
  serializedVersion: 3
  m_Animation: {fileID: 0}
  m_Animations: []
  m_WrapMode: 0
  m_PlayAutomatically: 1
  m_AnimatePhysics: 0
  m_CullingType: 0
--- !u!1 &1299686515734527
GameObject:
  serializedVersion: 5
  m_Component:
  - component: {fileID: 4311989704585384}
  - component: {fileID: 33161061518867770}
  - component: {fileID: 23564681501309429}
  m_Layer: 0
  m_Name: Cotton1
  m_TagString: Untagged
  m_Icon: {fileID: 0}
  m_NavMeshLayer: 0
  m_StaticEditorFlags: 0
  m_IsActive: 1
--- !u!4 &4311989704585384
Transform:
  m_GameObject: {fileID: 1299686515734527}
  m_LocalRotation: {x: 0, y: 0, z: 0, w: 1}
  m_LocalPosition: {x: 0, y: 0, z: 0}
  m_LocalScale: {x: 1, y: 1, z: 1}
  m_Children: []
  m_Father: {fileID: 4148314842256860}
  m_RootOrder: 0
  m_LocalEulerAnglesHint: {x: 0, y: 0, z: 0}
--- !u!33 &33161061518867770
MeshFilter:
  m_GameObject: {fileID: 1299686515734527}
  m_Mesh: {fileID: 4300000, guid: a3a284613a8085146b2fba91b8862ac7, type: 2}
--- !u!23 &23564681501309429
MeshRenderer:
  m_GameObject: {fileID: 1299686515734527}
  m_Enabled: 1
  m_CastShadows: 1
  m_ReceiveShadows: 1
  m_DynamicOccludee: 1
  m_MotionVectors: 1
  m_LightProbeUsage: 0
  m_ReflectionProbeUsage: 1
  m_Materials:
  - {fileID: 2100000, guid: d08c2f2761888db4d91e7ca9ac71dc83, type: 2}
  m_StaticBatchInfo:
    firstSubMesh: 0
    subMeshCount: 0
  m_StaticBatchRoot: {fileID: 0}
  m_ProbeAnchor: {fileID: 0}
  m_LightProbeVolumeOverride: {fileID: 0}
  m_ScaleInLightmap: 1
  m_PreserveUVs: 0
  m_IgnoreNormalsForChartDetection: 0
  m_ImportantGI: 0
  m_StitchLightmapSeams: 0
  m_SelectedEditorRenderState: 3
  m_MinimumChartSize: 4
  m_AutoUVMaxDistance: 0.5
  m_AutoUVMaxAngle: 89
  m_LightmapParameters: {fileID: 0}
  m_SortingLayerID: 0
  m_SortingLayer: 0
  m_SortingOrder: 0
--- !u!1 &1674350648298337
GameObject:
  serializedVersion: 5
  m_Component:
  - component: {fileID: 4341906123744588}
  - component: {fileID: 33138848849562353}
  - component: {fileID: 23481453773460862}
  - component: {fileID: 114814844836722635}
  - component: {fileID: 114326878821814569}
  - component: {fileID: 114011794275231401}
  - component: {fileID: 114567992426554546}
  - component: {fileID: 114587677188273434}
  - component: {fileID: 114330540086819652}
  m_Layer: 0
  m_Name: Cotton1_Cotton
  m_TagString: Untagged
  m_Icon: {fileID: 0}
  m_NavMeshLayer: 0
  m_StaticEditorFlags: 0
  m_IsActive: 1
--- !u!4 &4341906123744588
Transform:
  m_GameObject: {fileID: 1674350648298337}
  m_LocalRotation: {x: 0, y: 0, z: 0, w: 1}
  m_LocalPosition: {x: 0, y: 0, z: 0}
  m_LocalScale: {x: 1, y: 1, z: 1}
  m_Children: []
  m_Father: {fileID: 4148314842256860}
  m_RootOrder: 1
  m_LocalEulerAnglesHint: {x: 0, y: 0, z: 0}
--- !u!33 &33138848849562353
MeshFilter:
  m_GameObject: {fileID: 1674350648298337}
  m_Mesh: {fileID: 4300000, guid: 133d829430720394f91183147fefd33a, type: 2}
--- !u!23 &23481453773460862
MeshRenderer:
  m_GameObject: {fileID: 1674350648298337}
  m_Enabled: 1
  m_CastShadows: 1
  m_ReceiveShadows: 1
  m_DynamicOccludee: 1
  m_MotionVectors: 1
  m_LightProbeUsage: 0
  m_ReflectionProbeUsage: 1
  m_Materials:
  - {fileID: 2100000, guid: d20bb35e185527843be2165586f8ad77, type: 2}
  m_StaticBatchInfo:
    firstSubMesh: 0
    subMeshCount: 0
  m_StaticBatchRoot: {fileID: 0}
  m_ProbeAnchor: {fileID: 0}
  m_LightProbeVolumeOverride: {fileID: 0}
  m_ScaleInLightmap: 1
  m_PreserveUVs: 0
  m_IgnoreNormalsForChartDetection: 0
  m_ImportantGI: 0
  m_StitchLightmapSeams: 0
  m_SelectedEditorRenderState: 3
  m_MinimumChartSize: 4
  m_AutoUVMaxDistance: 0.5
  m_AutoUVMaxAngle: 89
  m_LightmapParameters: {fileID: 0}
  m_SortingLayerID: 0
  m_SortingLayer: 0
  m_SortingOrder: 0
--- !u!114 &114814844836722635
MonoBehaviour:
  m_GameObject: {fileID: 1674350648298337}
  m_Enabled: 1
  m_EditorHideFlags: 0
  m_Script: {fileID: 11500000, guid: cbb3c4554a9de5a49bf4cc94ba7e60ed, type: 3}
  m_Name:
  m_EditorClassIdentifier:
  label:
  method: 2
  style: 0
  animationCurve:
    serializedVersion: 2
    m_Curve:
    - serializedVersion: 2
      time: 0
      value: 0
      inSlope: 0
      outSlope: 1
      tangentMode: 0
    - serializedVersion: 2
      time: 1
      value: 1
      inSlope: 1
      outSlope: 0
      tangentMode: 0
    m_PreInfinity: 2
    m_PostInfinity: 2
    m_RotationOrder: 0
  ignoreTimeScale: 1
  delay: 0
  duration: 1
  steeperCurves: 0
  tweenGroup: 0
  DisableInputWhileTweening: 0
  eventReceiver: {fileID: 0}
  callWhenFinished:
  from: {x: 1, y: 1, z: 1E-05}
  to: {x: 1, y: 1, z: 1}
  updateTable: 0
--- !u!114 &114326878821814569
MonoBehaviour:
  m_GameObject: {fileID: 1674350648298337}
  m_Enabled: 1
  m_EditorHideFlags: 0
  m_Script: {fileID: 11500000, guid: b47f78ea2a096f14babc8082350d13e4, type: 3}
  m_Name:
  m_EditorClassIdentifier:
  Trigger: 30
  triggerOnStart: 1
--- !u!114 &114011794275231401
MonoBehaviour:
  m_GameObject: {fileID: 1674350648298337}
  m_Enabled: 1
  m_EditorHideFlags: 0
  m_Script: {fileID: 11500000, guid: b47f78ea2a096f14babc8082350d13e4, type: 3}
  m_Name:
  m_EditorClassIdentifier:
  Trigger: 31
  triggerOnStart: 1
--- !u!114 &114567992426554546
MonoBehaviour:
  m_GameObject: {fileID: 1674350648298337}
  m_Enabled: 1
  m_EditorHideFlags: 0
  m_Script: {fileID: 11500000, guid: b47f78ea2a096f14babc8082350d13e4, type: 3}
  m_Name:
  m_EditorClassIdentifier:
  Trigger: 32
  triggerOnStart: 1
--- !u!114 &114587677188273434
MonoBehaviour:
  m_GameObject: {fileID: 1674350648298337}
  m_Enabled: 1
  m_EditorHideFlags: 0
  m_Script: {fileID: 11500000, guid: b47f78ea2a096f14babc8082350d13e4, type: 3}
  m_Name:
  m_EditorClassIdentifier:
  Trigger: 33
  triggerOnStart: 1
--- !u!114 &114330540086819652
MonoBehaviour:
  m_GameObject: {fileID: 1674350648298337}
  m_Enabled: 1
  m_EditorHideFlags: 0
  m_Script: {fileID: 11500000, guid: 05a485beb31acea4192cc2174e31fb46, type: 3}
  m_Name:
  m_EditorClassIdentifier:
