%YAML 1.1
%TAG !u! tag:unity3d.com,2011:
--- !u!1001 &100100000
Prefab:
  serializedVersion: 2
  m_Modification:
    m_TransformParent: {fileID: 0}
    m_Modifications: []
    m_RemovedComponents: []
  m_ParentPrefab: {fileID: 0}
  m_RootGameObject: {fileID: 1761716298733221}
  m_IsPrefabParent: 1
--- !u!1 &1761716298733221
GameObject:
  serializedVersion: 5
  m_Component:
  - component: {fileID: 4248373258779626}
  - component: {fileID: 65159921938283954}
  - component: {fileID: 114196369090266059}
  - component: {fileID: 114077864346252258}
  - component: {fileID: 114457364852793800}
  m_Layer: 9
  m_Name: low_Leaderboard_PanelItem
  m_TagString: Untagged
  m_Icon: {fileID: 0}
  m_NavMeshLayer: 0
  m_StaticEditorFlags: 0
  m_IsActive: 1
--- !u!4 &4248373258779626
Transform:
  m_GameObject: {fileID: 1761716298733221}
  m_LocalRotation: {x: 0, y: 0, z: 0, w: 1}
  m_LocalPosition: {x: -4.579487, y: 0.3035398, z: 3.577983}
  m_LocalScale: {x: 1, y: 1, z: 1}
  m_Children:
  - {fileID: 4216929778600916}
  - {fileID: 4357015120782638}
  - {fileID: 4908289692441079}
  - {fileID: 4617401592708060}
  - {fileID: 4425582290807802}
  m_Father: {fileID: 0}
  m_RootOrder: 0
  m_LocalEulerAnglesHint: {x: 0, y: 0, z: 0}
--- !u!65 &65159921938283954
BoxCollider:
  m_GameObject: {fileID: 1761716298733221}
  m_Material: {fileID: 0}
  m_IsTrigger: 0
  m_Enabled: 1
  serializedVersion: 2
  m_Size: {x: 1400, y: 140, z: 1}
  m_Center: {x: 0, y: 0, z: 0}
--- !u!114 &114196369090266059
MonoBehaviour:
  m_GameObject: {fileID: 1761716298733221}
  m_Enabled: 1
  m_EditorHideFlags: 0
  m_Script: {fileID: 11500000, guid: 2297ee8f7ce08e5459cff893c292775f, type: 3}
  m_Name:
  m_EditorClassIdentifier:
  draggablePanel: {fileID: 0}
  panel: {fileID: 0}
--- !u!114 &114077864346252258
MonoBehaviour:
  m_GameObject: {fileID: 1761716298733221}
  m_Enabled: 1
  m_EditorHideFlags: 0
  m_Script: {fileID: 11500000, guid: da2b4a87969a05c41b94ce914465e931, type: 3}
  m_Name:
  m_EditorClassIdentifier:
  spacing: -140
  Name: {fileID: 114329669938618388}
  Rank: {fileID: 114789062841553766}
  RankTrend: {fileID: 114144665584294931}
  RankTrendArrow: {fileID: 1354507313910102}
  wins: {fileID: 114104371762486206}
  losses: {fileID: 114023413449405682}
  Trophies: {fileID: 114031069184843786}
  BG: {fileID: 114993207440665597}
  RankBG: {fileID: 114078478790417483}
--- !u!114 &114457364852793800
MonoBehaviour:
  m_GameObject: {fileID: 1761716298733221}
  m_Enabled: 1
  m_EditorHideFlags: 0
  m_Script: {fileID: 11500000, guid: eff605db9f989ff49bab2d6acf87be94, type: 3}
  m_Name:
  m_EditorClassIdentifier:
  sortByDepth: 1
  showInPanelTool: 1
  generateNormals: 0
  depthPass: 0
  widgetsAreStatic: 0
  cullWhileDragging: 0
  worldToLocal:
    e00: 1
    e01: 0
    e02: 0
    e03: 4.579487
    e10: 0
    e11: 1
    e12: 0
    e13: -0.3035398
    e20: 0
    e21: 0
    e22: 1
    e23: -3.577983
    e30: 0
    e31: 0
    e32: 0
    e33: 1
  mAlpha: 1
  mDebugInfo: 1
  mClipping: 0
  mClipRange: {x: 0, y: 0, z: 0, w: 0}
  mClipSoftness: {x: 40, y: 40}
--- !u!1 &1819224535003964
GameObject:
  serializedVersion: 5
  m_Component:
  - component: {fileID: 4216929778600916}
  - component: {fileID: 114993207440665597}
  m_Layer: 9
  m_Name: BG
  m_TagString: Untagged
  m_Icon: {fileID: 0}
  m_NavMeshLayer: 0
  m_StaticEditorFlags: 0
  m_IsActive: 1
--- !u!4 &4216929778600916
Transform:
  m_GameObject: {fileID: 1819224535003964}
  m_LocalRotation: {x: 0, y: 0, z: 0, w: 1}
  m_LocalPosition: {x: 695, y: 0, z: 0}
  m_LocalScale: {x: 1250, y: 130, z: 1}
  m_Children: []
  m_Father: {fileID: 4248373258779626}
  m_RootOrder: 0
  m_LocalEulerAnglesHint: {x: 0, y: 0, z: 0}
--- !u!114 &114993207440665597
MonoBehaviour:
  m_GameObject: {fileID: 1819224535003964}
  m_Enabled: 1
  m_EditorHideFlags: 0
  m_Script: {fileID: 11500000, guid: 0fd6f77a58070074eba1f4656a61ef1b, type: 3}
  m_Name:
  m_EditorClassIdentifier:
  mColor: {r: 0.07352942, g: 1, b: 1, a: 1}
  mPivot: 5
  mDepth: 1
  mAtlas: {fileID: 114477506332545743, guid: 09b87bcd9e48a5e4fa2d7f1e5d041c64, type: 2}
  mSpriteName: LB_Gray
  mFillCenter: 1
  mType: 0
  mFillDirection: 4
  mFillAmount: 1
  mInvert: 0
--- !u!1 &1119023353746815
GameObject:
  serializedVersion: 5
  m_Component:
  - component: {fileID: 4357015120782638}
  m_Layer: 0
  m_Name: Rank
  m_TagString: Untagged
  m_Icon: {fileID: 0}
  m_NavMeshLayer: 0
  m_StaticEditorFlags: 0
  m_IsActive: 1
--- !u!4 &4357015120782638
Transform:
  m_GameObject: {fileID: 1119023353746815}
  m_LocalRotation: {x: 0, y: 0, z: 0, w: 1}
  m_LocalPosition: {x: -650, y: 0, z: 0}
  m_LocalScale: {x: 1, y: 1, z: 1}
  m_Children:
  - {fileID: 4646386867360180}
  - {fileID: 4650859546749007}
  - {fileID: 4217232661404382}
  - {fileID: 4675411992041136}
  - {fileID: 4650278586593072}
  m_Father: {fileID: 4248373258779626}
  m_RootOrder: 1
  m_LocalEulerAnglesHint: {x: 0, y: 0, z: 0}
--- !u!1 &1786582579491624
GameObject:
  serializedVersion: 5
  m_Component:
  - component: {fileID: 4646386867360180}
  - component: {fileID: 114078478790417483}
  m_Layer: 9
  m_Name: BG
  m_TagString: Untagged
  m_Icon: {fileID: 0}
  m_NavMeshLayer: 0
  m_StaticEditorFlags: 0
  m_IsActive: 1
--- !u!4 &4646386867360180
Transform:
  m_GameObject: {fileID: 1786582579491624}
  m_LocalRotation: {x: 0, y: 0, z: 0, w: 1}
  m_LocalPosition: {x: 25, y: 0, z: 0}
  m_LocalScale: {x: 140, y: 130, z: 1}
  m_Children: []
  m_Father: {fileID: 4357015120782638}
  m_RootOrder: 0
  m_LocalEulerAnglesHint: {x: 0, y: 0, z: 0}
--- !u!114 &114078478790417483
MonoBehaviour:
  m_GameObject: {fileID: 1786582579491624}
  m_Enabled: 1
  m_EditorHideFlags: 0
  m_Script: {fileID: 11500000, guid: 0fd6f77a58070074eba1f4656a61ef1b, type: 3}
  m_Name:
  m_EditorClassIdentifier:
  mColor: {r: 1, g: 1, b: 0, a: 1}
  mPivot: 4
  mDepth: 3
  mAtlas: {fileID: 114477506332545743, guid: 09b87bcd9e48a5e4fa2d7f1e5d041c64, type: 2}
  mSpriteName: LB_Gray
  mFillCenter: 1
  mType: 0
  mFillDirection: 4
  mFillAmount: 1
  mInvert: 0
--- !u!1 &1354507313910102
GameObject:
  serializedVersion: 5
  m_Component:
  - component: {fileID: 4650859546749007}
  - component: {fileID: 114357524374271673}
  m_Layer: 9
  m_Name: Icon_RankMove
  m_TagString: Untagged
  m_Icon: {fileID: 0}
  m_NavMeshLayer: 0
  m_StaticEditorFlags: 0
  m_IsActive: 1
--- !u!4 &4650859546749007
Transform:
  m_GameObject: {fileID: 1354507313910102}
  m_LocalRotation: {x: 0, y: 0, z: 0.7071068, w: 0.7071068}
  m_LocalPosition: {x: 150, y: 0, z: 0}
  m_LocalScale: {x: 70, y: 70, z: 1}
  m_Children: []
  m_Father: {fileID: 4357015120782638}
  m_RootOrder: 1
  m_LocalEulerAnglesHint: {x: 0, y: 0, z: -90}
--- !u!114 &114357524374271673
MonoBehaviour:
  m_GameObject: {fileID: 1354507313910102}
  m_Enabled: 1
  m_EditorHideFlags: 0
  m_Script: {fileID: 11500000, guid: 0fd6f77a58070074eba1f4656a61ef1b, type: 3}
  m_Name:
  m_EditorClassIdentifier:
  mColor: {r: 0, g: 1, b: 0.2551723, a: 1}
  mPivot: 4
  mDepth: 2
  mAtlas: {fileID: 114477506332545743, guid: 09b87bcd9e48a5e4fa2d7f1e5d041c64, type: 2}
  mSpriteName: Arrow_Icon
  mFillCenter: 1
  mType: 0
  mFillDirection: 4
  mFillAmount: 1
  mInvert: 0
--- !u!1 &1014881037067238
GameObject:
  serializedVersion: 5
  m_Component:
  - component: {fileID: 4217232661404382}
  - component: {fileID: 114789062841553766}
  m_Layer: 9
  m_Name: PlayerRank_Val
  m_TagString: Untagged
  m_Icon: {fileID: 0}
  m_NavMeshLayer: 0
  m_StaticEditorFlags: 0
  m_IsActive: 1
--- !u!4 &4217232661404382
Transform:
  m_GameObject: {fileID: 1014881037067238}
  m_LocalRotation: {x: 0, y: 0, z: 0, w: 1}
  m_LocalPosition: {x: 24, y: 3, z: 0}
  m_LocalScale: {x: 61, y: 61, z: 1}
  m_Children: []
  m_Father: {fileID: 4357015120782638}
  m_RootOrder: 2
  m_LocalEulerAnglesHint: {x: 0, y: 0, z: 0}
--- !u!114 &114789062841553766
MonoBehaviour:
  m_GameObject: {fileID: 1014881037067238}
  m_Enabled: 1
  m_EditorHideFlags: 0
  m_Script: {fileID: 11500000, guid: ccde8050f6cc6ac4bb11f09abff4b109, type: 3}
  m_Name:
  m_EditorClassIdentifier:
  mColor: {r: 1, g: 1, b: 1, a: 1}
  mPivot: 4
  mDepth: 0
  mFont: {fileID: 114763157611755492, guid: bde1d416987068a45aef11c41e3c4e95, type: 2}
  mText: 1000
  mMaxLineWidth: 120
  mMaxLineHeight: 80
  mEncoding: 1
  mMaxLineCount: 0
  mPassword: 0
  mShowLastChar: 0
  mEffectStyle: 1
  mEffectColor: {r: 0, g: 0, b: 0, a: 0.3921569}
  mSymbols: 1
  mEffectDistance: {x: 10, y: 10}
  mShrinkToFit: 1
  mMaxFontSize: 80
  mLineWidth: 0
  mMultiline: 1
--- !u!1 &1648335801287325
GameObject:
  serializedVersion: 5
  m_Component:
  - component: {fileID: 4675411992041136}
  - component: {fileID: 114553878212705617}
  m_Layer: 9
  m_Name: Outline
  m_TagString: Untagged
  m_Icon: {fileID: 0}
  m_NavMeshLayer: 0
  m_StaticEditorFlags: 0
  m_IsActive: 0
--- !u!4 &4675411992041136
Transform:
  m_GameObject: {fileID: 1648335801287325}
  m_LocalRotation: {x: 0, y: 0, z: 0, w: 1}
  m_LocalPosition: {x: 25, y: 0, z: 0}
  m_LocalScale: {x: 110, y: 110, z: 1}
  m_Children: []
  m_Father: {fileID: 4357015120782638}
  m_RootOrder: 3
  m_LocalEulerAnglesHint: {x: 0, y: 0, z: 0}
--- !u!114 &114553878212705617
MonoBehaviour:
  m_GameObject: {fileID: 1648335801287325}
  m_Enabled: 1
  m_EditorHideFlags: 0
  m_Script: {fileID: 11500000, guid: 0fd6f77a58070074eba1f4656a61ef1b, type: 3}
  m_Name:
  m_EditorClassIdentifier:
  mColor: {r: 1, g: 1, b: 1, a: 1}
  mPivot: 4
  mDepth: 2
  mAtlas: {fileID: 114477506332545743, guid: 09b87bcd9e48a5e4fa2d7f1e5d041c64, type: 2}
  mSpriteName: Window
  mFillCenter: 1
  mType: 0
  mFillDirection: 4
  mFillAmount: 1
  mInvert: 0
--- !u!1 &1369194092842753
GameObject:
  serializedVersion: 5
  m_Component:
  - component: {fileID: 4650278586593072}
  - component: {fileID: 114144665584294931}
  m_Layer: 9
  m_Name: RankMove_Val
  m_TagString: Untagged
  m_Icon: {fileID: 0}
  m_NavMeshLayer: 0
  m_StaticEditorFlags: 0
  m_IsActive: 1
--- !u!4 &4650278586593072
Transform:
  m_GameObject: {fileID: 1369194092842753}
  m_LocalRotation: {x: 0, y: 0, z: 0, w: 1}
  m_LocalPosition: {x: 220, y: 0, z: 0}
  m_LocalScale: {x: 60, y: 60, z: 1}
  m_Children: []
  m_Father: {fileID: 4357015120782638}
  m_RootOrder: 4
  m_LocalEulerAnglesHint: {x: 0, y: 0, z: 0}
--- !u!114 &114144665584294931
MonoBehaviour:
  m_GameObject: {fileID: 1369194092842753}
  m_Enabled: 1
  m_EditorHideFlags: 0
  m_Script: {fileID: 11500000, guid: ccde8050f6cc6ac4bb11f09abff4b109, type: 3}
  m_Name:
  m_EditorClassIdentifier:
  mColor: {r: 0, g: 0.8014706, b: 0.07185598, a: 1}
  mPivot: 4
  mDepth: 0
  mFont: {fileID: 114763157611755492, guid: bde1d416987068a45aef11c41e3c4e95, type: 2}
  mText: 3
  mMaxLineWidth: 60
  mMaxLineHeight: 60
  mEncoding: 1
  mMaxLineCount: 0
  mPassword: 0
  mShowLastChar: 0
  mEffectStyle: 1
  mEffectColor: {r: 0, g: 0, b: 0, a: 0.7058824}
  mSymbols: 1
  mEffectDistance: {x: 10, y: 10}
  mShrinkToFit: 0
  mMaxFontSize: 60
  mLineWidth: 0
  mMultiline: 1
--- !u!1 &1813159427607631
GameObject:
  serializedVersion: 5
  m_Component:
  - component: {fileID: 4908289692441079}
  m_Layer: 0
  m_Name: Name
  m_TagString: Untagged
  m_Icon: {fileID: 0}
  m_NavMeshLayer: 0
  m_StaticEditorFlags: 0
  m_IsActive: 1
--- !u!4 &4908289692441079
Transform:
  m_GameObject: {fileID: 1813159427607631}
  m_LocalRotation: {x: 0, y: 0, z: 0, w: 1}
  m_LocalPosition: {x: 0, y: 0, z: 0}
  m_LocalScale: {x: 1, y: 1, z: 1}
  m_Children:
  - {fileID: 4391581142477775}
  - {fileID: 4636017871649386}
  - {fileID: 4948662500429426}
  m_Father: {fileID: 4248373258779626}
  m_RootOrder: 2
  m_LocalEulerAnglesHint: {x: 0, y: 0, z: 0}
--- !u!1 &1854497755499039
GameObject:
  serializedVersion: 5
  m_Component:
  - component: {fileID: 4391581142477775}
  - component: {fileID: 114329669938618388}
  m_Layer: 9
  m_Name: PlayerName_Val
  m_TagString: Untagged
  m_Icon: {fileID: 0}
  m_NavMeshLayer: 0
  m_StaticEditorFlags: 0
  m_IsActive: 1
--- !u!4 &4391581142477775
Transform:
  m_GameObject: {fileID: 1854497755499039}
  m_LocalRotation: {x: 0, y: 0, z: 0, w: 1}
  m_LocalPosition: {x: -380, y: 0, z: 0}
  m_LocalScale: {x: 70, y: 70, z: 1}
  m_Children: []
  m_Father: {fileID: 4908289692441079}
  m_RootOrder: 0
  m_LocalEulerAnglesHint: {x: 0, y: 0, z: 0}
--- !u!114 &114329669938618388
MonoBehaviour:
  m_GameObject: {fileID: 1854497755499039}
  m_Enabled: 1
  m_EditorHideFlags: 0
  m_Script: {fileID: 11500000, guid: ccde8050f6cc6ac4bb11f09abff4b109, type: 3}
  m_Name:
  m_EditorClassIdentifier:
  mColor: {r: 1, g: 1, b: 1, a: 1}
  mPivot: 3
  mDepth: 0
  mFont: {fileID: 114763157611755492, guid: bde1d416987068a45aef11c41e3c4e95, type: 2}
  mText: NameHere
  mMaxLineWidth: 430
  mMaxLineHeight: 70
  mEncoding: 1
  mMaxLineCount: 0
  mPassword: 0
  mShowLastChar: 0
  mEffectStyle: 1
  mEffectColor: {r: 0, g: 0, b: 0, a: 1}
  mSymbols: 1
  mEffectDistance: {x: 5, y: 5}
  mShrinkToFit: 0
  mMaxFontSize: 70
  mLineWidth: 0
  mMultiline: 1
--- !u!1 &1950616885852601
GameObject:
  serializedVersion: 5
  m_Component:
  - component: {fileID: 4636017871649386}
  - component: {fileID: 114595513931665541}
  m_Layer: 9
  m_Name: Icon_Guild
  m_TagString: Untagged
  m_Icon: {fileID: 0}
  m_NavMeshLayer: 0
  m_StaticEditorFlags: 0
  m_IsActive: 0
--- !u!4 &4636017871649386
Transform:
  m_GameObject: {fileID: 1950616885852601}
  m_LocalRotation: {x: 0, y: 0, z: 0, w: 1}
  m_LocalPosition: {x: -385.4188, y: -15, z: 0}
  m_LocalScale: {x: 95, y: 95, z: 1}
  m_Children: []
  m_Father: {fileID: 4908289692441079}
  m_RootOrder: 1
  m_LocalEulerAnglesHint: {x: 0, y: 0, z: 0}
--- !u!114 &114595513931665541
MonoBehaviour:
  m_GameObject: {fileID: 1950616885852601}
  m_Enabled: 1
  m_EditorHideFlags: 0
  m_Script: {fileID: 11500000, guid: 329dbfc9ff0cad444957e0fabee092eb, type: 3}
  m_Name:
  m_EditorClassIdentifier:
  mColor: {r: 1, g: 1, b: 1, a: 1}
  mPivot: 4
  mDepth: 5
  mAtlas: {fileID: 114477506332545743, guid: 09b87bcd9e48a5e4fa2d7f1e5d041c64, type: 2}
  mSpriteName: QuestShield
  mFillCenter: 1
  mType: 0
  mFillDirection: 4
  mFillAmount: 1
  mInvert: 0
--- !u!1 &1481850232982567
GameObject:
  serializedVersion: 5
  m_Component:
  - component: {fileID: 4948662500429426}
  - component: {fileID: 114725388423553925}
  m_Layer: 9
  m_Name: Divider
  m_TagString: Untagged
  m_Icon: {fileID: 0}
  m_NavMeshLayer: 0
  m_StaticEditorFlags: 0
  m_IsActive: 0
--- !u!4 &4948662500429426
Transform:
  m_GameObject: {fileID: 1481850232982567}
  m_LocalRotation: {x: 0, y: 0, z: 0, w: 1}
  m_LocalPosition: {x: -445.14, y: -15, z: 0}
  m_LocalScale: {x: 5, y: 120, z: 1}
  m_Children: []
  m_Father: {fileID: 4908289692441079}
  m_RootOrder: 2
  m_LocalEulerAnglesHint: {x: 0, y: 0, z: 0}
--- !u!114 &114725388423553925
MonoBehaviour:
  m_GameObject: {fileID: 1481850232982567}
  m_Enabled: 1
  m_EditorHideFlags: 0
  m_Script: {fileID: 11500000, guid: 329dbfc9ff0cad444957e0fabee092eb, type: 3}
  m_Name:
  m_EditorClassIdentifier:
  mColor: {r: 0, g: 0, b: 0, a: 0.3921569}
  mPivot: 4
  mDepth: 5
  mAtlas: {fileID: 114477506332545743, guid: 09b87bcd9e48a5e4fa2d7f1e5d041c64, type: 2}
  mSpriteName: CW_Grey
  mFillCenter: 1
  mType: 0
  mFillDirection: 4
  mFillAmount: 1
  mInvert: 0
--- !u!1 &1064368211162269
GameObject:
  serializedVersion: 5
  m_Component:
  - component: {fileID: 4617401592708060}
  m_Layer: 0
  m_Name: Trophies
  m_TagString: Untagged
  m_Icon: {fileID: 0}
  m_NavMeshLayer: 0
  m_StaticEditorFlags: 0
  m_IsActive: 1
--- !u!4 &4617401592708060
Transform:
  m_GameObject: {fileID: 1064368211162269}
  m_LocalRotation: {x: 0, y: 0, z: 0, w: 1}
  m_LocalPosition: {x: 540, y: 15, z: 0}
  m_LocalScale: {x: 1, y: 1, z: 1}
  m_Children:
  - {fileID: 4883905157896132}
  - {fileID: 4530494466924306}
  - {fileID: 4338192164145185}
  - {fileID: 4590005748896711}
  m_Father: {fileID: 4248373258779626}
  m_RootOrder: 3
  m_LocalEulerAnglesHint: {x: 0, y: 0, z: 0}
--- !u!1 &1101296935669532
GameObject:
  serializedVersion: 5
  m_Component:
  - component: {fileID: 4883905157896132}
  - component: {fileID: 114031069184843786}
  m_Layer: 9
  m_Name: EarnedTrophies_Val
  m_TagString: Untagged
  m_Icon: {fileID: 0}
  m_NavMeshLayer: 0
  m_StaticEditorFlags: 0
  m_IsActive: 1
--- !u!4 &4883905157896132
Transform:
  m_GameObject: {fileID: 1101296935669532}
  m_LocalRotation: {x: 0, y: 0, z: 0, w: 1}
  m_LocalPosition: {x: 50, y: -15, z: -2}
  m_LocalScale: {x: 25, y: 25, z: 1}
  m_Children: []
  m_Father: {fileID: 4617401592708060}
  m_RootOrder: 0
  m_LocalEulerAnglesHint: {x: 0, y: 0, z: 0}
--- !u!114 &114031069184843786
MonoBehaviour:
  m_GameObject: {fileID: 1101296935669532}
  m_Enabled: 1
  m_EditorHideFlags: 0
  m_Script: {fileID: 11500000, guid: ccde8050f6cc6ac4bb11f09abff4b109, type: 3}
  m_Name:
  m_EditorClassIdentifier:
  mColor: {r: 1, g: 1, b: 1, a: 1}
  mPivot: 3
  mDepth: 0
  mFont: {fileID: 114763157611755492, guid: bde1d416987068a45aef11c41e3c4e95, type: 2}
  mText: '99999

    '
  mMaxLineWidth: 90
  mMaxLineHeight: 50
  mEncoding: 1
  mMaxLineCount: 0
  mPassword: 0
  mShowLastChar: 0
  mEffectStyle: 1
  mEffectColor: {r: 0, g: 0, b: 0, a: 0.5882353}
  mSymbols: 1
  mEffectDistance: {x: 5, y: 5}
  mShrinkToFit: 1
  mMaxFontSize: 40
  mLineWidth: 0
  mMultiline: 1
--- !u!1 &1967217359121778
GameObject:
  serializedVersion: 5
  m_Component:
  - component: {fileID: 4530494466924306}
  - component: {fileID: 114457266092120887}
  m_Layer: 9
  m_Name: Icon_Trophy
  m_TagString: Untagged
  m_Icon: {fileID: 0}
  m_NavMeshLayer: 0
  m_StaticEditorFlags: 0
  m_IsActive: 1
--- !u!4 &4530494466924306
Transform:
  m_GameObject: {fileID: 1967217359121778}
  m_LocalRotation: {x: 0, y: 0, z: 0, w: 1}
  m_LocalPosition: {x: -10, y: -15, z: 0}
  m_LocalScale: {x: 85, y: 105, z: 0.4210052}
  m_Children: []
  m_Father: {fileID: 4617401592708060}
  m_RootOrder: 1
  m_LocalEulerAnglesHint: {x: 0, y: 0, z: 0}
--- !u!114 &114457266092120887
MonoBehaviour:
  m_GameObject: {fileID: 1967217359121778}
  m_Enabled: 1
  m_EditorHideFlags: 0
  m_Script: {fileID: 11500000, guid: 329dbfc9ff0cad444957e0fabee092eb, type: 3}
  m_Name:
  m_EditorClassIdentifier:
  mColor: {r: 1, g: 1, b: 1, a: 1}
  mPivot: 4
  mDepth: 6
  mAtlas: {fileID: 114477506332545743, guid: 09b87bcd9e48a5e4fa2d7f1e5d041c64, type: 2}
  mSpriteName: Trophy
  mFillCenter: 1
  mType: 0
  mFillDirection: 4
  mFillAmount: 1
  mInvert: 0
--- !u!1 &1428606311040486
GameObject:
  serializedVersion: 5
  m_Component:
  - component: {fileID: 4338192164145185}
  - component: {fileID: 114187043922856904}
  m_Layer: 9
  m_Name: TrophyFrame
  m_TagString: Untagged
  m_Icon: {fileID: 0}
  m_NavMeshLayer: 0
  m_StaticEditorFlags: 0
  m_IsActive: 0
--- !u!4 &4338192164145185
Transform:
  m_GameObject: {fileID: 1428606311040486}
  m_LocalRotation: {x: 0, y: 0, z: 0, w: 1}
  m_LocalPosition: {x: -10, y: -15, z: 0}
  m_LocalScale: {x: 300, y: 100, z: 1}
  m_Children: []
  m_Father: {fileID: 4617401592708060}
  m_RootOrder: 2
  m_LocalEulerAnglesHint: {x: 0, y: 0, z: 0}
--- !u!114 &114187043922856904
MonoBehaviour:
  m_GameObject: {fileID: 1428606311040486}
  m_Enabled: 0
  m_EditorHideFlags: 0
  m_Script: {fileID: 11500000, guid: 0fd6f77a58070074eba1f4656a61ef1b, type: 3}
  m_Name:
  m_EditorClassIdentifier:
  mColor: {r: 1, g: 1, b: 0, a: 1}
  mPivot: 4
  mDepth: 3
  mAtlas: {fileID: 114477506332545743, guid: 09b87bcd9e48a5e4fa2d7f1e5d041c64, type: 2}
  mSpriteName: Window
  mFillCenter: 1
  mType: 0
  mFillDirection: 4
  mFillAmount: 1
  mInvert: 0
--- !u!1 &1650020463398263
GameObject:
  serializedVersion: 5
  m_Component:
  - component: {fileID: 4590005748896711}
  - component: {fileID: 114779867576959713}
  m_Layer: 9
  m_Name: TrophyFrameOutline
  m_TagString: Untagged
  m_Icon: {fileID: 0}
  m_NavMeshLayer: 0
  m_StaticEditorFlags: 0
  m_IsActive: 0
--- !u!4 &4590005748896711
Transform:
  m_GameObject: {fileID: 1650020463398263}
  m_LocalRotation: {x: 0, y: 0, z: 0, w: 1}
  m_LocalPosition: {x: -10, y: -15, z: 0}
  m_LocalScale: {x: 310, y: 110, z: 1}
  m_Children: []
  m_Father: {fileID: 4617401592708060}
  m_RootOrder: 3
  m_LocalEulerAnglesHint: {x: 0, y: 0, z: 0}
--- !u!114 &114779867576959713
MonoBehaviour:
  m_GameObject: {fileID: 1650020463398263}
  m_Enabled: 0
  m_EditorHideFlags: 0
  m_Script: {fileID: 11500000, guid: 0fd6f77a58070074eba1f4656a61ef1b, type: 3}
  m_Name:
  m_EditorClassIdentifier:
  mColor: {r: 1, g: 1, b: 1, a: 1}
  mPivot: 4
  mDepth: 2
  mAtlas: {fileID: 114477506332545743, guid: 09b87bcd9e48a5e4fa2d7f1e5d041c64, type: 2}
  mSpriteName: Window
  mFillCenter: 1
  mType: 0
  mFillDirection: 4
  mFillAmount: 1
  mInvert: 0
--- !u!1 &1513841739932139
GameObject:
  serializedVersion: 5
  m_Component:
  - component: {fileID: 4425582290807802}
  m_Layer: 0
  m_Name: Wins/Losses
  m_TagString: Untagged
  m_Icon: {fileID: 0}
  m_NavMeshLayer: 0
  m_StaticEditorFlags: 0
  m_IsActive: 1
--- !u!4 &4425582290807802
Transform:
  m_GameObject: {fileID: 1513841739932139}
  m_LocalRotation: {x: 0, y: 0, z: 0, w: 1}
  m_LocalPosition: {x: 100, y: 0, z: 0}
  m_LocalScale: {x: 1, y: 1, z: 1}
  m_Children:
  - {fileID: 4859984663422218}
  - {fileID: 4479911314990719}
  - {fileID: 4788940734695472}
  - {fileID: 4308790138429096}
  m_Father: {fileID: 4248373258779626}
  m_RootOrder: 4
  m_LocalEulerAnglesHint: {x: 0, y: 0, z: 0}
--- !u!1 &1939580180820881
GameObject:
  serializedVersion: 5
  m_Component:
  - component: {fileID: 4859984663422218}
  - component: {fileID: 114989423219363842}
  m_Layer: 9
  m_Name: Label_WarsWon
  m_TagString: Untagged
  m_Icon: {fileID: 0}
  m_NavMeshLayer: 0
  m_StaticEditorFlags: 0
  m_IsActive: 1
--- !u!4 &4859984663422218
Transform:
  m_GameObject: {fileID: 1939580180820881}
  m_LocalRotation: {x: 0, y: 0, z: 0, w: 1}
  m_LocalPosition: {x: 220, y: 25, z: 0}
  m_LocalScale: {x: 25, y: 25, z: 1}
  m_Children: []
  m_Father: {fileID: 4425582290807802}
  m_RootOrder: 0
  m_LocalEulerAnglesHint: {x: 0, y: 0, z: 0}
--- !u!114 &114989423219363842
MonoBehaviour:
  m_GameObject: {fileID: 1939580180820881}
  m_Enabled: 1
  m_EditorHideFlags: 0
  m_Script: {fileID: 11500000, guid: ccde8050f6cc6ac4bb11f09abff4b109, type: 3}
  m_Name:
  m_EditorClassIdentifier:
  mColor: {r: 1, g: 1, b: 1, a: 1}
  mPivot: 5
  mDepth: 0
  mFont: {fileID: 114763157611755492, guid: bde1d416987068a45aef11c41e3c4e95, type: 2}
  mText: '!!F_LEADERBOARDS_WINS'
  mMaxLineWidth: 250
  mMaxLineHeight: 50
  mEncoding: 1
  mMaxLineCount: 0
  mPassword: 0
  mShowLastChar: 0
  mEffectStyle: 1
  mEffectColor: {r: 0, g: 0, b: 0, a: 1}
  mSymbols: 1
  mEffectDistance: {x: 5, y: 5}
  mShrinkToFit: 1
  mMaxFontSize: 50
  mLineWidth: 0
  mMultiline: 1
--- !u!1 &1412313939996429
GameObject:
  serializedVersion: 5
  m_Component:
  - component: {fileID: 4479911314990719}
  - component: {fileID: 114113230258289075}
  m_Layer: 9
  m_Name: Label_WarsLost
  m_TagString: Untagged
  m_Icon: {fileID: 0}
  m_NavMeshLayer: 0
  m_StaticEditorFlags: 0
  m_IsActive: 1
--- !u!4 &4479911314990719
Transform:
  m_GameObject: {fileID: 1412313939996429}
  m_LocalRotation: {x: 0, y: 0, z: 0, w: 1}
  m_LocalPosition: {x: 220, y: -25, z: 0}
  m_LocalScale: {x: 25, y: 25, z: 1}
  m_Children: []
  m_Father: {fileID: 4425582290807802}
  m_RootOrder: 1
  m_LocalEulerAnglesHint: {x: 0, y: 0, z: 0}
--- !u!114 &114113230258289075
MonoBehaviour:
  m_GameObject: {fileID: 1412313939996429}
  m_Enabled: 1
  m_EditorHideFlags: 0
  m_Script: {fileID: 11500000, guid: ccde8050f6cc6ac4bb11f09abff4b109, type: 3}
  m_Name:
  m_EditorClassIdentifier:
  mColor: {r: 1, g: 1, b: 1, a: 1}
  mPivot: 5
  mDepth: 0
  mFont: {fileID: 114763157611755492, guid: bde1d416987068a45aef11c41e3c4e95, type: 2}
  mText: '!!F_LEADERBOARDS_LOSSES'
  mMaxLineWidth: 250
  mMaxLineHeight: 50
  mEncoding: 1
  mMaxLineCount: 0
  mPassword: 0
  mShowLastChar: 0
  mEffectStyle: 1
  mEffectColor: {r: 0, g: 0, b: 0, a: 1}
  mSymbols: 1
  mEffectDistance: {x: 5, y: 5}
  mShrinkToFit: 1
  mMaxFontSize: 50
  mLineWidth: 0
  mMultiline: 1
--- !u!1 &1412700610049989
GameObject:
  serializedVersion: 5
  m_Component:
  - component: {fileID: 4788940734695472}
  - component: {fileID: 114104371762486206}
  m_Layer: 9
  m_Name: Wins_Val
  m_TagString: Untagged
  m_Icon: {fileID: 0}
  m_NavMeshLayer: 0
  m_StaticEditorFlags: 0
  m_IsActive: 1
--- !u!4 &4788940734695472
Transform:
  m_GameObject: {fileID: 1412700610049989}
  m_LocalRotation: {x: 0, y: 0, z: 0, w: 1}
  m_LocalPosition: {x: 230, y: 25, z: 9.536743E-07}
  m_LocalScale: {x: 50, y: 50, z: 1}
  m_Children: []
  m_Father: {fileID: 4425582290807802}
  m_RootOrder: 2
  m_LocalEulerAnglesHint: {x: 0, y: 0, z: 0}
--- !u!114 &114104371762486206
MonoBehaviour:
  m_GameObject: {fileID: 1412700610049989}
  m_Enabled: 1
  m_EditorHideFlags: 0
  m_Script: {fileID: 11500000, guid: ccde8050f6cc6ac4bb11f09abff4b109, type: 3}
  m_Name:
  m_EditorClassIdentifier:
  mColor: {r: 1, g: 1, b: 1, a: 1}
  mPivot: 3
  mDepth: 0
  mFont: {fileID: 114763157611755492, guid: bde1d416987068a45aef11c41e3c4e95, type: 2}
  mText: 888888
  mMaxLineWidth: 150
  mMaxLineHeight: 50
  mEncoding: 1
  mMaxLineCount: 0
  mPassword: 0
  mShowLastChar: 0
  mEffectStyle: 1
  mEffectColor: {r: 0, g: 0, b: 0, a: 1}
  mSymbols: 1
  mEffectDistance: {x: 5, y: 5}
  mShrinkToFit: 1
  mMaxFontSize: 50
  mLineWidth: 0
  mMultiline: 1
--- !u!1 &1130312804289876
GameObject:
  serializedVersion: 5
  m_Component:
  - component: {fileID: 4308790138429096}
  - component: {fileID: 114023413449405682}
  m_Layer: 9
  m_Name: Losses_Val
  m_TagString: Untagged
  m_Icon: {fileID: 0}
  m_NavMeshLayer: 0
  m_StaticEditorFlags: 0
  m_IsActive: 1
--- !u!4 &4308790138429096
Transform:
  m_GameObject: {fileID: 1130312804289876}
  m_LocalRotation: {x: 0, y: 0, z: 0, w: 1}
  m_LocalPosition: {x: 230, y: -25, z: 0}
  m_LocalScale: {x: 50, y: 50, z: 1}
  m_Children: []
  m_Father: {fileID: 4425582290807802}
  m_RootOrder: 3
  m_LocalEulerAnglesHint: {x: 0, y: 0, z: 0}
--- !u!114 &114023413449405682
MonoBehaviour:
  m_GameObject: {fileID: 1130312804289876}
  m_Enabled: 1
  m_EditorHideFlags: 0
  m_Script: {fileID: 11500000, guid: ccde8050f6cc6ac4bb11f09abff4b109, type: 3}
  m_Name:
  m_EditorClassIdentifier:
  mColor: {r: 1, g: 1, b: 1, a: 1}
  mPivot: 3
  mDepth: 0
  mFont: {fileID: 114763157611755492, guid: bde1d416987068a45aef11c41e3c4e95, type: 2}
  mText: 888888
  mMaxLineWidth: 150
  mMaxLineHeight: 50
  mEncoding: 1
  mMaxLineCount: 0
  mPassword: 0
  mShowLastChar: 0
  mEffectStyle: 1
  mEffectColor: {r: 0, g: 0, b: 0, a: 1}
  mSymbols: 1
  mEffectDistance: {x: 5, y: 5}
  mShrinkToFit: 1
  mMaxFontSize: 50
  mLineWidth: 0
  mMultiline: 1
