%YAML 1.1
%TAG !u! tag:unity3d.com,2011:
--- !u!1001 &100100000
Prefab:
  serializedVersion: 2
  m_Modification:
    m_TransformParent: {fileID: 0}
    m_Modifications: []
    m_RemovedComponents: []
  m_ParentPrefab: {fileID: 0}
  m_RootGameObject: {fileID: 1284273595707112}
  m_IsPrefabParent: 1
--- !u!1 &1284273595707112
GameObject:
  serializedVersion: 5
  m_Component:
  - component: {fileID: 4571438472233402}
  - component: {fileID: 111058372455204319}
  m_Layer: 0
  m_Name: low_Land_Plain3
  m_TagString: Untagged
  m_Icon: {fileID: 0}
  m_NavMeshLayer: 0
  m_StaticEditorFlags: 0
  m_IsActive: 1
--- !u!4 &4571438472233402
Transform:
  m_GameObject: {fileID: 1284273595707112}
  m_LocalRotation: {x: 0, y: 0, z: 0, w: 1}
  m_LocalPosition: {x: 0, y: 0, z: 0}
  m_LocalScale: {x: 1, y: 1, z: 1}
  m_Children:
  - {fileID: 4557189549033799}
  - {fileID: 4648209026608560}
  m_Father: {fileID: 0}
  m_RootOrder: 0
  m_LocalEulerAnglesHint: {x: 0, y: 0, z: 0}
--- !u!111 &111058372455204319
Animation:
  m_GameObject: {fileID: 1284273595707112}
  m_Enabled: 1
  serializedVersion: 3
  m_Animation: {fileID: 0}
  m_Animations: []
  m_WrapMode: 0
  m_PlayAutomatically: 1
  m_AnimatePhysics: 0
  m_CullingType: 0
--- !u!1 &1464615352969482
GameObject:
  serializedVersion: 5
  m_Component:
  - component: {fileID: 4557189549033799}
  - component: {fileID: 33328904442714985}
  - component: {fileID: 23440673136680746}
  m_Layer: 0
  m_Name: Plains3
  m_TagString: Untagged
  m_Icon: {fileID: 0}
  m_NavMeshLayer: 0
  m_StaticEditorFlags: 0
  m_IsActive: 1
--- !u!4 &4557189549033799
Transform:
  m_GameObject: {fileID: 1464615352969482}
  m_LocalRotation: {x: 0, y: 0, z: 0, w: 1}
  m_LocalPosition: {x: 0, y: 0, z: 0}
  m_LocalScale: {x: 1, y: 1, z: 1}
  m_Children: []
  m_Father: {fileID: 4571438472233402}
  m_RootOrder: 0
  m_LocalEulerAnglesHint: {x: 0, y: 0, z: 0}
--- !u!33 &33328904442714985
MeshFilter:
  m_GameObject: {fileID: 1464615352969482}
  m_Mesh: {fileID: 4300000, guid: e30299d69399aef43a042248ea97a33c, type: 2}
--- !u!23 &23440673136680746
MeshRenderer:
  m_GameObject: {fileID: 1464615352969482}
  m_Enabled: 1
  m_CastShadows: 1
  m_ReceiveShadows: 1
  m_DynamicOccludee: 1
  m_MotionVectors: 1
  m_LightProbeUsage: 0
  m_ReflectionProbeUsage: 1
  m_Materials:
  - {fileID: 2100000, guid: e91c51dd4e9838f4cb57f844cfb26bf8, type: 2}
  m_StaticBatchInfo:
    firstSubMesh: 0
    subMeshCount: 0
  m_StaticBatchRoot: {fileID: 0}
  m_ProbeAnchor: {fileID: 0}
  m_LightProbeVolumeOverride: {fileID: 0}
  m_ScaleInLightmap: 1
  m_PreserveUVs: 0
  m_IgnoreNormalsForChartDetection: 0
  m_ImportantGI: 0
  m_StitchLightmapSeams: 0
  m_SelectedEditorRenderState: 3
  m_MinimumChartSize: 4
  m_AutoUVMaxDistance: 0.5
  m_AutoUVMaxAngle: 89
  m_LightmapParameters: {fileID: 0}
  m_SortingLayerID: 0
  m_SortingLayer: 0
  m_SortingOrder: 0
--- !u!1 &1417398501101291
GameObject:
  serializedVersion: 5
  m_Component:
  - component: {fileID: 4648209026608560}
  - component: {fileID: 33799528381370269}
  - component: {fileID: 23785099294098184}
  - component: {fileID: 114207862662443614}
  - component: {fileID: 114122075687764461}
  - component: {fileID: 114408340846225770}
  - component: {fileID: 114327357507843515}
  - component: {fileID: 114936398717120616}
  - component: {fileID: 114019295765329339}
  m_Layer: 0
  m_Name: Plains3_Wheat
  m_TagString: Untagged
  m_Icon: {fileID: 0}
  m_NavMeshLayer: 0
  m_StaticEditorFlags: 0
  m_IsActive: 1
--- !u!4 &4648209026608560
Transform:
  m_GameObject: {fileID: 1417398501101291}
  m_LocalRotation: {x: 0, y: 0, z: 0, w: 1}
  m_LocalPosition: {x: 0, y: 0, z: 0}
  m_LocalScale: {x: 1, y: 1, z: 1}
  m_Children: []
  m_Father: {fileID: 4571438472233402}
  m_RootOrder: 1
  m_LocalEulerAnglesHint: {x: 0, y: 0, z: 0}
--- !u!33 &33799528381370269
MeshFilter:
  m_GameObject: {fileID: 1417398501101291}
  m_Mesh: {fileID: 4300000, guid: 1fc79325cb02cf94f83e97b4f144ae0f, type: 2}
--- !u!23 &23785099294098184
MeshRenderer:
  m_GameObject: {fileID: 1417398501101291}
  m_Enabled: 1
  m_CastShadows: 1
  m_ReceiveShadows: 1
  m_DynamicOccludee: 1
  m_MotionVectors: 1
  m_LightProbeUsage: 0
  m_ReflectionProbeUsage: 1
  m_Materials:
  - {fileID: 2100000, guid: db8936a264c1e3a4eb3fdeec4eb0f5fb, type: 2}
  m_StaticBatchInfo:
    firstSubMesh: 0
    subMeshCount: 0
  m_StaticBatchRoot: {fileID: 0}
  m_ProbeAnchor: {fileID: 0}
  m_LightProbeVolumeOverride: {fileID: 0}
  m_ScaleInLightmap: 1
  m_PreserveUVs: 0
  m_IgnoreNormalsForChartDetection: 0
  m_ImportantGI: 0
  m_StitchLightmapSeams: 0
  m_SelectedEditorRenderState: 3
  m_MinimumChartSize: 4
  m_AutoUVMaxDistance: 0.5
  m_AutoUVMaxAngle: 89
  m_LightmapParameters: {fileID: 0}
  m_SortingLayerID: 0
  m_SortingLayer: 0
  m_SortingOrder: 0
--- !u!114 &114207862662443614
MonoBehaviour:
  m_GameObject: {fileID: 1417398501101291}
  m_Enabled: 1
  m_EditorHideFlags: 0
  m_Script: {fileID: 11500000, guid: cbb3c4554a9de5a49bf4cc94ba7e60ed, type: 3}
  m_Name:
  m_EditorClassIdentifier:
  label:
  method: 2
  style: 0
  animationCurve:
    serializedVersion: 2
    m_Curve:
    - serializedVersion: 2
      time: 0
      value: 0
      inSlope: 0
      outSlope: 1
      tangentMode: 0
    - serializedVersion: 2
      time: 1
      value: 1
      inSlope: 1
      outSlope: 0
      tangentMode: 0
    m_PreInfinity: 2
    m_PostInfinity: 2
    m_RotationOrder: 0
  ignoreTimeScale: 1
  delay: 0
  duration: 1
  steeperCurves: 0
  tweenGroup: 0
  DisableInputWhileTweening: 0
  eventReceiver: {fileID: 0}
  callWhenFinished:
  from: {x: 1, y: 1, z: 1E-05}
  to: {x: 1, y: 1, z: 1}
  updateTable: 0
--- !u!114 &114122075687764461
MonoBehaviour:
  m_GameObject: {fileID: 1417398501101291}
  m_Enabled: 1
  m_EditorHideFlags: 0
  m_Script: {fileID: 11500000, guid: b47f78ea2a096f14babc8082350d13e4, type: 3}
  m_Name:
  m_EditorClassIdentifier:
  Trigger: 30
  triggerOnStart: 1
--- !u!114 &114408340846225770
MonoBehaviour:
  m_GameObject: {fileID: 1417398501101291}
  m_Enabled: 1
  m_EditorHideFlags: 0
  m_Script: {fileID: 11500000, guid: b47f78ea2a096f14babc8082350d13e4, type: 3}
  m_Name:
  m_EditorClassIdentifier:
  Trigger: 31
  triggerOnStart: 1
--- !u!114 &114327357507843515
MonoBehaviour:
  m_GameObject: {fileID: 1417398501101291}
  m_Enabled: 1
  m_EditorHideFlags: 0
  m_Script: {fileID: 11500000, guid: b47f78ea2a096f14babc8082350d13e4, type: 3}
  m_Name:
  m_EditorClassIdentifier:
  Trigger: 32
  triggerOnStart: 1
--- !u!114 &114936398717120616
MonoBehaviour:
  m_GameObject: {fileID: 1417398501101291}
  m_Enabled: 1
  m_EditorHideFlags: 0
  m_Script: {fileID: 11500000, guid: b47f78ea2a096f14babc8082350d13e4, type: 3}
  m_Name:
  m_EditorClassIdentifier:
  Trigger: 33
  triggerOnStart: 1
--- !u!114 &114019295765329339
MonoBehaviour:
  m_GameObject: {fileID: 1417398501101291}
  m_Enabled: 1
  m_EditorHideFlags: 0
  m_Script: {fileID: 11500000, guid: 05a485beb31acea4192cc2174e31fb46, type: 3}
  m_Name:
  m_EditorClassIdentifier:
