%YAML 1.1
%TAG !u! tag:unity3d.com,2011:
--- !u!1001 &100100000
Prefab:
  serializedVersion: 2
  m_Modification:
    m_TransformParent: {fileID: 0}
    m_Modifications: []
    m_RemovedComponents: []
  m_ParentPrefab: {fileID: 0}
  m_RootGameObject: {fileID: 1054424120452295}
  m_IsPrefabParent: 1
--- !u!1 &1054424120452295
GameObject:
  serializedVersion: 5
  m_Component:
  - component: {fileID: 224665273789825845}
  - component: {fileID: 114061346724203907}
  - component: {fileID: 114091790517824955}
  - component: {fileID: 65779793738155371}
  - component: {fileID: 114144680288196062}
  m_Layer: 9
  m_Name: NisAsyncPlayer
  m_TagString: Untagged
  m_Icon: {fileID: 0}
  m_NavMeshLayer: 0
  m_StaticEditorFlags: 0
  m_IsActive: 1
--- !u!224 &224665273789825845
RectTransform:
  m_GameObject: {fileID: 1054424120452295}
  m_LocalRotation: {x: 0, y: 0, z: 0, w: 1}
  m_LocalPosition: {x: 0, y: 0, z: 0}
  m_LocalScale: {x: 1, y: 1, z: 1}
  m_Children:
  - {fileID: 224141535909777024}
  - {fileID: 224138268199802414}
  m_Father: {fileID: 0}
  m_RootOrder: 0
  m_LocalEulerAnglesHint: {x: 0, y: 0, z: 0}
  m_AnchorMin: {x: 0, y: 0}
  m_AnchorMax: {x: 1, y: 1}
  m_AnchoredPosition: {x: 0, y: 0}
  m_SizeDelta: {x: 0, y: 0}
  m_Pivot: {x: 0.5, y: 0.5}
--- !u!114 &114061346724203907
MonoBehaviour:
  m_GameObject: {fileID: 1054424120452295}
  m_Enabled: 1
  m_EditorHideFlags: 0
  m_Script: {fileID: 11500000, guid: e828e03f658f30541999e00573af4f68, type: 3}
  m_Name:
  m_EditorClassIdentifier:
  m_Navigation:
    m_Mode: 0
    m_SelectOnUp: {fileID: 0}
    m_SelectOnDown: {fileID: 0}
    m_SelectOnLeft: {fileID: 0}
    m_SelectOnRight: {fileID: 0}
  m_Transition: 0
  m_Colors:
    m_NormalColor: {r: 1, g: 1, b: 1, a: 1}
    m_HighlightedColor: {r: 0.9607843, g: 0.9607843, b: 0.9607843, a: 1}
    m_PressedColor: {r: 0.7843137, g: 0.7843137, b: 0.7843137, a: 1}
    m_DisabledColor: {r: 0.7843137, g: 0.7843137, b: 0.7843137, a: 0.5019608}
    m_ColorMultiplier: 1
    m_FadeDuration: 0.1
  m_SpriteState:
    m_HighlightedSprite: {fileID: 0}
    m_PressedSprite: {fileID: 0}
    m_DisabledSprite: {fileID: 0}
  m_AnimationTriggers:
    m_NormalTrigger: Normal
    m_HighlightedTrigger: Highlighted
    m_PressedTrigger: Pressed
    m_DisabledTrigger: Disabled
  m_Interactable: 1
  m_TargetGraphic: {fileID: 0}
--- !u!114 &114091790517824955
MonoBehaviour:
  m_GameObject: {fileID: 1054424120452295}
  m_Enabled: 1
  m_EditorHideFlags: 0
  m_Script: {fileID: 11500000, guid: c74f54d1f07e71149bdf18b675e9ac8d, type: 3}
  m_Name:
  m_EditorClassIdentifier:
  segments: []
  inputProxy: {fileID: 114061346724203907}
  manageInputProxy: 0
  skipPromptDelaySecs: 0
  nisRoot: {fileID: 1789307480135462}
  skipPromptGO: {fileID: 1024226290265126}
  sequencesPath: []
  keepLastSequenceOnComplete: 1
  noCache: 1
  overrideLayer: 1
  scrimPrefab: {fileID: 222999966371053234, guid: a4196b02b4b49924289e4500381a3d21, type: 2}
  fadeSecs: 1
  busyTweenShow: {fileID: 0}
  busyTweenHide: {fileID: 0}
--- !u!65 &65779793738155371
BoxCollider:
  m_GameObject: {fileID: 1054424120452295}
  m_Material: {fileID: 0}
  m_IsTrigger: 0
  m_Enabled: 1
  serializedVersion: 2
  m_Size: {x: 1300, y: 768, z: 1}
  m_Center: {x: 0, y: 0, z: 0}
--- !u!114 &114144680288196062
MonoBehaviour:
  m_GameObject: {fileID: 1054424120452295}
  m_Enabled: 1
  m_EditorHideFlags: 0
  m_Script: {fileID: 11500000, guid: f02ce5bf6b73bef40aa041cd44281941, type: 3}
  m_Name:
  m_EditorClassIdentifier:
--- !u!1 &1789307480135462
GameObject:
  serializedVersion: 5
  m_Component:
  - component: {fileID: 224141535909777024}
  m_Layer: 9
  m_Name: NisContainer
  m_TagString: Untagged
  m_Icon: {fileID: 0}
  m_NavMeshLayer: 0
  m_StaticEditorFlags: 0
  m_IsActive: 1
--- !u!224 &224141535909777024
RectTransform:
  m_GameObject: {fileID: 1789307480135462}
  m_LocalRotation: {x: 0, y: 0, z: 0, w: 1}
  m_LocalPosition: {x: 0, y: 0, z: 0}
  m_LocalScale: {x: 1, y: 1, z: 1}
  m_Children: []
  m_Father: {fileID: 224665273789825845}
  m_RootOrder: 0
  m_LocalEulerAnglesHint: {x: 0, y: 0, z: 0}
  m_AnchorMin: {x: 0, y: 0}
  m_AnchorMax: {x: 1, y: 1}
  m_AnchoredPosition: {x: 0, y: 0}
  m_SizeDelta: {x: 0, y: 0}
  m_Pivot: {x: 0.5, y: 0.5}
--- !u!1 &1024226290265126
GameObject:
  serializedVersion: 5
  m_Component:
  - component: {fileID: 224138268199802414}
  - component: {fileID: 222870880271029983}
  - component: {fileID: 114671667132147879}
  - component: {fileID: 114710474910823241}
  m_Layer: 9
  m_Name: NisSkipPrompt
  m_TagString: Untagged
  m_Icon: {fileID: 0}
  m_NavMeshLayer: 0
  m_StaticEditorFlags: 0
  m_IsActive: 1
--- !u!224 &224138268199802414
RectTransform:
  m_GameObject: {fileID: 1024226290265126}
  m_LocalRotation: {x: 0, y: 0, z: 0, w: 1}
  m_LocalPosition: {x: -10, y: 10, z: 0}
  m_LocalScale: {x: 1, y: 1, z: 1}
  m_Children: []
  m_Father: {fileID: 224665273789825845}
  m_RootOrder: 1
  m_LocalEulerAnglesHint: {x: 0, y: 0, z: 0}
  m_AnchorMin: {x: 1, y: 0}
  m_AnchorMax: {x: 1, y: 0}
  m_AnchoredPosition: {x: -10, y: 10}
  m_SizeDelta: {x: 141, y: 170}
  m_Pivot: {x: 1, y: 0}
--- !u!222 &222870880271029983
CanvasRenderer:
  m_GameObject: {fileID: 1024226290265126}
--- !u!114 &114671667132147879
MonoBehaviour:
  m_GameObject: {fileID: 1024226290265126}
  m_Enabled: 1
  m_EditorHideFlags: 0
  m_Script: {fileID: -765806418, guid: f70555f144d8491a825f0804e09c671c, type: 3}
  m_Name:
  m_EditorClassIdentifier:
  m_Material: {fileID: 0}
  m_Color: {r: 1, g: 1, b: 1, a: 1}
  m_RaycastTarget: 1
  m_OnCullStateChanged:
    m_PersistentCalls:
      m_Calls: []
    m_TypeName: UnityEngine.UI.MaskableGraphic+CullStateChangedEvent, UnityEngine.UI, Version=1.0.0.0, Culture=neutral, PublicKeyToken=null
  m_Sprite: {fileID: 21300000, guid: 17354b02b744d054bba3a62b91271aaa, type: 3}
  m_Type: 0
  m_PreserveAspect: 0
  m_FillCenter: 1
  m_FillMethod: 4
  m_FillAmount: 1
  m_FillClockwise: 1
  m_FillOrigin: 0
--- !u!114 &114710474910823241
MonoBehaviour:
  m_GameObject: {fileID: 1024226290265126}
  m_Enabled: 1
  m_EditorHideFlags: 0
  m_Script: {fileID: 11500000, guid: 85d6ce82ed8533f4ea782737ee1eceec, type: 3}
  m_Name:
  m_EditorClassIdentifier:
  label:
  method: 0
  style: 2
  animationCurve:
    serializedVersion: 2
    m_Curve:
    - serializedVersion: 2
      time: 0
      value: 0
      inSlope: 0
      outSlope: 1
      tangentMode: 0
    - serializedVersion: 2
      time: 1
      value: 1
      inSlope: 1
      outSlope: 0
      tangentMode: 0
    m_PreInfinity: 2
    m_PostInfinity: 2
    m_RotationOrder: 0
  ignoreTimeScale: 1
  delay: 0
  duration: 1
  steeperCurves: 0
  tweenGroup: 0
  DisableInputWhileTweening: 0
  eventReceiver: {fileID: 0}
  callWhenFinished:
  from: 0
  to: 1
