%YAML 1.1
%TAG !u! tag:unity3d.com,2011:
--- !u!1001 &100100000
Prefab:
  serializedVersion: 2
  m_Modification:
    m_TransformParent: {fileID: 0}
    m_Modifications: []
    m_RemovedComponents: []
  m_ParentPrefab: {fileID: 0}
  m_RootGameObject: {fileID: 1899406441024447}
  m_IsPrefabParent: 1
--- !u!1 &1899406441024447
GameObject:
  serializedVersion: 5
  m_Component:
  - component: {fileID: 4047581966631352}
  - component: {fileID: 114170149365009306}
  - component: {fileID: 114561704787033706}
  m_Layer: 9
  m_Name: Rarity_3_RareCard
  m_TagString: Untagged
  m_Icon: {fileID: 0}
  m_NavMeshLayer: 0
  m_StaticEditorFlags: 0
  m_IsActive: 1
--- !u!4 &4047581966631352
Transform:
  m_GameObject: {fileID: 1899406441024447}
  m_LocalRotation: {x: 0, y: 0, z: 0, w: 1}
  m_LocalPosition: {x: 0, y: 0, z: 0}
  m_LocalScale: {x: 1, y: 1, z: 1}
  m_Children:
  - {fileID: 4669832722382017}
  m_Father: {fileID: 0}
  m_RootOrder: 0
  m_LocalEulerAnglesHint: {x: 0, y: 0, z: 0}
--- !u!114 &114170149365009306
MonoBehaviour:
  m_GameObject: {fileID: 1899406441024447}
  m_Enabled: 0
  m_EditorHideFlags: 0
  m_Script: {fileID: 11500000, guid: 9371e0df4fa0b1c45860dc7af7acb1bd, type: 3}
  m_Name:
  m_EditorClassIdentifier:
  obj: {fileID: 0}
  timer: 5
--- !u!114 &114561704787033706
MonoBehaviour:
  m_GameObject: {fileID: 1899406441024447}
  m_Enabled: 1
  m_EditorHideFlags: 0
  m_Script: {fileID: 11500000, guid: eff605db9f989ff49bab2d6acf87be94, type: 3}
  m_Name:
  m_EditorClassIdentifier:
  sortByDepth: 1
  showInPanelTool: 1
  generateNormals: 0
  depthPass: 0
  widgetsAreStatic: 0
  cullWhileDragging: 0
  worldToLocal:
    e00: 1
    e01: 0
    e02: 0
    e03: 0
    e10: 0
    e11: 1
    e12: 0
    e13: 0
    e20: 0
    e21: 0
    e22: 1
    e23: 0
    e30: 0
    e31: 0
    e32: 0
    e33: 1
  mAlpha: 1
  mDebugInfo: 1
  mClipping: 0
  mClipRange: {x: 0, y: 0, z: 0, w: 0}
  mClipSoftness: {x: 40, y: 40}
--- !u!1 &1827510922516156
GameObject:
  serializedVersion: 5
  m_Component:
  - component: {fileID: 4669832722382017}
  - component: {fileID: 111660794895415575}
  m_Layer: 9
  m_Name: Rarity_RareCard
  m_TagString: Untagged
  m_Icon: {fileID: 0}
  m_NavMeshLayer: 0
  m_StaticEditorFlags: 0
  m_IsActive: 1
--- !u!4 &4669832722382017
Transform:
  m_GameObject: {fileID: 1827510922516156}
  m_LocalRotation: {x: 0, y: -1, z: 0, w: -4.371139E-08}
  m_LocalPosition: {x: 0, y: -3, z: 0}
  m_LocalScale: {x: 1.4, y: 1.4, z: 1.4}
  m_Children:
  - {fileID: 4041558071060622}
  - {fileID: 4794387880173514}
  - {fileID: 4853553068536824}
  - {fileID: 4778494458925288}
  - {fileID: 4593377489656660}
  - {fileID: 4041705698994953}
  - {fileID: 4023490202722494}
  - {fileID: 4826109650245616}
  - {fileID: 4625172375482222}
  - {fileID: 4090439138153804}
  - {fileID: 4336116133804207}
  m_Father: {fileID: 4047581966631352}
  m_RootOrder: 0
  m_LocalEulerAnglesHint: {x: -180, y: -5.008956E-06, z: 180}
--- !u!111 &111660794895415575
Animation:
  m_GameObject: {fileID: 1827510922516156}
  m_Enabled: 1
  serializedVersion: 3
  m_Animation: {fileID: 0}
  m_Animations:
  - {fileID: 7400000, guid: 659c0e096d414bb47801a4492d00e9cc, type: 2}
  m_WrapMode: 0
  m_PlayAutomatically: 1
  m_AnimatePhysics: 0
  m_CullingType: 0
--- !u!1 &1410025433033481
GameObject:
  serializedVersion: 5
  m_Component:
  - component: {fileID: 4041558071060622}
  - component: {fileID: 33647110341690778}
  - component: {fileID: 23297937181912490}
  m_Layer: 9
  m_Name: RareCard_Card
  m_TagString: Untagged
  m_Icon: {fileID: 0}
  m_NavMeshLayer: 0
  m_StaticEditorFlags: 0
  m_IsActive: 1
--- !u!4 &4041558071060622
Transform:
  m_GameObject: {fileID: 1410025433033481}
  m_LocalRotation: {x: -0.7071069, y: 0, z: 0, w: 0.7071068}
  m_LocalPosition: {x: -1.04213, y: 0.0808797, z: 0.3265213}
  m_LocalScale: {x: 0.002772319, y: 0.002772319, z: 0.002772319}
  m_Children: []
  m_Father: {fileID: 4669832722382017}
  m_RootOrder: 0
  m_LocalEulerAnglesHint: {x: -90.00001, y: 0, z: 0}
--- !u!33 &33647110341690778
MeshFilter:
  m_GameObject: {fileID: 1410025433033481}
  m_Mesh: {fileID: 4300000, guid: cbc2d2724620a564db2197f7464d114a, type: 2}
--- !u!23 &23297937181912490
MeshRenderer:
  m_GameObject: {fileID: 1410025433033481}
  m_Enabled: 1
  m_CastShadows: 1
  m_ReceiveShadows: 1
  m_DynamicOccludee: 1
  m_MotionVectors: 1
  m_LightProbeUsage: 0
  m_ReflectionProbeUsage: 1
  m_Materials:
  - {fileID: 2100000, guid: f3e93e04d28f6e1499d4798b1c099a63, type: 2}
  m_StaticBatchInfo:
    firstSubMesh: 0
    subMeshCount: 0
  m_StaticBatchRoot: {fileID: 0}
  m_ProbeAnchor: {fileID: 0}
  m_LightProbeVolumeOverride: {fileID: 0}
  m_ScaleInLightmap: 1
  m_PreserveUVs: 0
  m_IgnoreNormalsForChartDetection: 0
  m_ImportantGI: 0
  m_StitchLightmapSeams: 0
  m_SelectedEditorRenderState: 3
  m_MinimumChartSize: 4
  m_AutoUVMaxDistance: 0.5
  m_AutoUVMaxAngle: 89
  m_LightmapParameters: {fileID: 0}
  m_SortingLayerID: 0
  m_SortingLayer: 0
  m_SortingOrder: 0
--- !u!1 &1210276262863628
GameObject:
  serializedVersion: 5
  m_Component:
  - component: {fileID: 4794387880173514}
  - component: {fileID: 33495220834242239}
  - component: {fileID: 23527845970859437}
  m_Layer: 9
  m_Name: RareCard_Left_Zap_01
  m_TagString: Untagged
  m_Icon: {fileID: 0}
  m_NavMeshLayer: 0
  m_StaticEditorFlags: 0
  m_IsActive: 1
--- !u!4 &4794387880173514
Transform:
  m_GameObject: {fileID: 1210276262863628}
  m_LocalRotation: {x: -0.7071069, y: 0, z: 0, w: 0.7071068}
  m_LocalPosition: {x: 1.109474, y: 0.07762647, z: 0.8029596}
  m_LocalScale: {x: 0.004269482, y: 0.007299799, z: 0.004269482}
  m_Children: []
  m_Father: {fileID: 4669832722382017}
  m_RootOrder: 1
  m_LocalEulerAnglesHint: {x: -90.00001, y: 0, z: 0}
--- !u!33 &33495220834242239
MeshFilter:
  m_GameObject: {fileID: 1210276262863628}
  m_Mesh: {fileID: 4300000, guid: ef23f617f16898547b8c0ac1f4d164de, type: 2}
--- !u!23 &23527845970859437
MeshRenderer:
  m_GameObject: {fileID: 1210276262863628}
  m_Enabled: 1
  m_CastShadows: 1
  m_ReceiveShadows: 1
  m_DynamicOccludee: 1
  m_MotionVectors: 1
  m_LightProbeUsage: 0
  m_ReflectionProbeUsage: 1
  m_Materials:
  - {fileID: 2100000, guid: f3e93e04d28f6e1499d4798b1c099a63, type: 2}
  m_StaticBatchInfo:
    firstSubMesh: 0
    subMeshCount: 0
  m_StaticBatchRoot: {fileID: 0}
  m_ProbeAnchor: {fileID: 0}
  m_LightProbeVolumeOverride: {fileID: 0}
  m_ScaleInLightmap: 1
  m_PreserveUVs: 0
  m_IgnoreNormalsForChartDetection: 0
  m_ImportantGI: 0
  m_StitchLightmapSeams: 0
  m_SelectedEditorRenderState: 3
  m_MinimumChartSize: 4
  m_AutoUVMaxDistance: 0.5
  m_AutoUVMaxAngle: 89
  m_LightmapParameters: {fileID: 0}
  m_SortingLayerID: 0
  m_SortingLayer: 0
  m_SortingOrder: 0
--- !u!1 &1400474946777512
GameObject:
  serializedVersion: 5
  m_Component:
  - component: {fileID: 4853553068536824}
  - component: {fileID: 33407341683036979}
  - component: {fileID: 23973726691900113}
  m_Layer: 9
  m_Name: RareCard_Left_Zap_02
  m_TagString: Untagged
  m_Icon: {fileID: 0}
  m_NavMeshLayer: 0
  m_StaticEditorFlags: 0
  m_IsActive: 1
--- !u!4 &4853553068536824
Transform:
  m_GameObject: {fileID: 1400474946777512}
  m_LocalRotation: {x: -0.7071069, y: 0, z: 0, w: 0.7071068}
  m_LocalPosition: {x: 1.109474, y: 0.07762647, z: 0.866444}
  m_LocalScale: {x: 0.002786641, y: 0.004764493, z: 0.002786641}
  m_Children: []
  m_Father: {fileID: 4669832722382017}
  m_RootOrder: 2
  m_LocalEulerAnglesHint: {x: -90.00001, y: 0, z: 0}
--- !u!33 &33407341683036979
MeshFilter:
  m_GameObject: {fileID: 1400474946777512}
  m_Mesh: {fileID: 4300000, guid: 798ff36d37f4d8f44aabc71f60ec0702, type: 2}
--- !u!23 &23973726691900113
MeshRenderer:
  m_GameObject: {fileID: 1400474946777512}
  m_Enabled: 1
  m_CastShadows: 1
  m_ReceiveShadows: 1
  m_DynamicOccludee: 1
  m_MotionVectors: 1
  m_LightProbeUsage: 0
  m_ReflectionProbeUsage: 1
  m_Materials:
  - {fileID: 2100000, guid: f3e93e04d28f6e1499d4798b1c099a63, type: 2}
  m_StaticBatchInfo:
    firstSubMesh: 0
    subMeshCount: 0
  m_StaticBatchRoot: {fileID: 0}
  m_ProbeAnchor: {fileID: 0}
  m_LightProbeVolumeOverride: {fileID: 0}
  m_ScaleInLightmap: 1
  m_PreserveUVs: 0
  m_IgnoreNormalsForChartDetection: 0
  m_ImportantGI: 0
  m_StitchLightmapSeams: 0
  m_SelectedEditorRenderState: 3
  m_MinimumChartSize: 4
  m_AutoUVMaxDistance: 0.5
  m_AutoUVMaxAngle: 89
  m_LightmapParameters: {fileID: 0}
  m_SortingLayerID: 0
  m_SortingLayer: 0
  m_SortingOrder: 0
--- !u!1 &1289537405476452
GameObject:
  serializedVersion: 5
  m_Component:
  - component: {fileID: 4778494458925288}
  - component: {fileID: 33818288084777355}
  - component: {fileID: 23588606640045349}
  m_Layer: 9
  m_Name: RareCard_Lightning_Left
  m_TagString: Untagged
  m_Icon: {fileID: 0}
  m_NavMeshLayer: 0
  m_StaticEditorFlags: 0
  m_IsActive: 1
--- !u!4 &4778494458925288
Transform:
  m_GameObject: {fileID: 1289537405476452}
  m_LocalRotation: {x: 0, y: 0, z: 0, w: 1}
  m_LocalPosition: {x: 11.34202, y: 7.254602, z: 1.354185}
  m_LocalScale: {x: 1, y: 1, z: 1}
  m_Children: []
  m_Father: {fileID: 4669832722382017}
  m_RootOrder: 3
  m_LocalEulerAnglesHint: {x: 0, y: 0, z: 0}
--- !u!33 &33818288084777355
MeshFilter:
  m_GameObject: {fileID: 1289537405476452}
  m_Mesh: {fileID: 4300000, guid: 484259dde74589d4b83311ff2ff42cf1, type: 2}
--- !u!23 &23588606640045349
MeshRenderer:
  m_GameObject: {fileID: 1289537405476452}
  m_Enabled: 1
  m_CastShadows: 1
  m_ReceiveShadows: 1
  m_DynamicOccludee: 1
  m_MotionVectors: 1
  m_LightProbeUsage: 0
  m_ReflectionProbeUsage: 1
  m_Materials:
  - {fileID: 2100000, guid: f3e93e04d28f6e1499d4798b1c099a63, type: 2}
  m_StaticBatchInfo:
    firstSubMesh: 0
    subMeshCount: 0
  m_StaticBatchRoot: {fileID: 0}
  m_ProbeAnchor: {fileID: 0}
  m_LightProbeVolumeOverride: {fileID: 0}
  m_ScaleInLightmap: 1
  m_PreserveUVs: 0
  m_IgnoreNormalsForChartDetection: 0
  m_ImportantGI: 0
  m_StitchLightmapSeams: 0
  m_SelectedEditorRenderState: 3
  m_MinimumChartSize: 4
  m_AutoUVMaxDistance: 0.5
  m_AutoUVMaxAngle: 89
  m_LightmapParameters: {fileID: 0}
  m_SortingLayerID: 0
  m_SortingLayer: 0
  m_SortingOrder: 0
--- !u!1 &1247814436678302
GameObject:
  serializedVersion: 5
  m_Component:
  - component: {fileID: 4593377489656660}
  - component: {fileID: 33405952190419145}
  - component: {fileID: 23466695560266223}
  m_Layer: 9
  m_Name: RareCard_Lightning_Right
  m_TagString: Untagged
  m_Icon: {fileID: 0}
  m_NavMeshLayer: 0
  m_StaticEditorFlags: 0
  m_IsActive: 1
--- !u!4 &4593377489656660
Transform:
  m_GameObject: {fileID: 1247814436678302}
  m_LocalRotation: {x: -0.7071069, y: 0, z: 0, w: 0.7071068}
  m_LocalPosition: {x: -10.87045, y: 7.928118, z: 0.9740317}
  m_LocalScale: {x: 1, y: 1, z: 1}
  m_Children: []
  m_Father: {fileID: 4669832722382017}
  m_RootOrder: 4
  m_LocalEulerAnglesHint: {x: -90.00001, y: 0, z: 0}
--- !u!33 &33405952190419145
MeshFilter:
  m_GameObject: {fileID: 1247814436678302}
  m_Mesh: {fileID: 4300000, guid: 4eb8a15b98df96649944da5bcd576e60, type: 2}
--- !u!23 &23466695560266223
MeshRenderer:
  m_GameObject: {fileID: 1247814436678302}
  m_Enabled: 1
  m_CastShadows: 1
  m_ReceiveShadows: 1
  m_DynamicOccludee: 1
  m_MotionVectors: 1
  m_LightProbeUsage: 0
  m_ReflectionProbeUsage: 1
  m_Materials:
  - {fileID: 2100000, guid: f3e93e04d28f6e1499d4798b1c099a63, type: 2}
  m_StaticBatchInfo:
    firstSubMesh: 0
    subMeshCount: 0
  m_StaticBatchRoot: {fileID: 0}
  m_ProbeAnchor: {fileID: 0}
  m_LightProbeVolumeOverride: {fileID: 0}
  m_ScaleInLightmap: 1
  m_PreserveUVs: 0
  m_IgnoreNormalsForChartDetection: 0
  m_ImportantGI: 0
  m_StitchLightmapSeams: 0
  m_SelectedEditorRenderState: 3
  m_MinimumChartSize: 4
  m_AutoUVMaxDistance: 0.5
  m_AutoUVMaxAngle: 89
  m_LightmapParameters: {fileID: 0}
  m_SortingLayerID: 0
  m_SortingLayer: 0
  m_SortingOrder: 0
--- !u!1 &1000971309108444
GameObject:
  serializedVersion: 5
  m_Component:
  - component: {fileID: 4041705698994953}
  - component: {fileID: 33651618869583353}
  - component: {fileID: 23529154925235863}
  m_Layer: 9
  m_Name: RareCard_Rare
  m_TagString: Untagged
  m_Icon: {fileID: 0}
  m_NavMeshLayer: 0
  m_StaticEditorFlags: 0
  m_IsActive: 1
--- !u!4 &4041705698994953
Transform:
  m_GameObject: {fileID: 1000971309108444}
  m_LocalRotation: {x: -0.7071069, y: 0, z: 0, w: 0.7071068}
  m_LocalPosition: {x: 1.144419, y: 0.1431909, z: 0.3265213}
  m_LocalScale: {x: 0.002772319, y: 0.002772319, z: 0.002772319}
  m_Children: []
  m_Father: {fileID: 4669832722382017}
  m_RootOrder: 5
  m_LocalEulerAnglesHint: {x: -90.00001, y: 0, z: 0}
--- !u!33 &33651618869583353
MeshFilter:
  m_GameObject: {fileID: 1000971309108444}
  m_Mesh: {fileID: 4300000, guid: 8fc1c41014948fe4eb3348b95a696b21, type: 2}
--- !u!23 &23529154925235863
MeshRenderer:
  m_GameObject: {fileID: 1000971309108444}
  m_Enabled: 1
  m_CastShadows: 1
  m_ReceiveShadows: 1
  m_DynamicOccludee: 1
  m_MotionVectors: 1
  m_LightProbeUsage: 0
  m_ReflectionProbeUsage: 1
  m_Materials:
  - {fileID: 2100000, guid: f3e93e04d28f6e1499d4798b1c099a63, type: 2}
  m_StaticBatchInfo:
    firstSubMesh: 0
    subMeshCount: 0
  m_StaticBatchRoot: {fileID: 0}
  m_ProbeAnchor: {fileID: 0}
  m_LightProbeVolumeOverride: {fileID: 0}
  m_ScaleInLightmap: 1
  m_PreserveUVs: 0
  m_IgnoreNormalsForChartDetection: 0
  m_ImportantGI: 0
  m_StitchLightmapSeams: 0
  m_SelectedEditorRenderState: 3
  m_MinimumChartSize: 4
  m_AutoUVMaxDistance: 0.5
  m_AutoUVMaxAngle: 89
  m_LightmapParameters: {fileID: 0}
  m_SortingLayerID: 0
  m_SortingLayer: 0
  m_SortingOrder: 0
--- !u!1 &1979561864170928
GameObject:
  serializedVersion: 5
  m_Component:
  - component: {fileID: 4023490202722494}
  - component: {fileID: 33680055723216767}
  - component: {fileID: 23077394978560481}
  m_Layer: 9
  m_Name: RareCard_Right_Zap _01
  m_TagString: Untagged
  m_Icon: {fileID: 0}
  m_NavMeshLayer: 0
  m_StaticEditorFlags: 0
  m_IsActive: 1
--- !u!4 &4023490202722494
Transform:
  m_GameObject: {fileID: 1979561864170928}
  m_LocalRotation: {x: -0.7071069, y: 0, z: 0, w: 0.7071068}
  m_LocalPosition: {x: -1.09822, y: 0.1680133, z: 0.3929342}
  m_LocalScale: {x: 0.003292437, y: 0.003292437, z: 0.003292437}
  m_Children: []
  m_Father: {fileID: 4669832722382017}
  m_RootOrder: 6
  m_LocalEulerAnglesHint: {x: -90.00001, y: 0, z: 0}
--- !u!33 &33680055723216767
MeshFilter:
  m_GameObject: {fileID: 1979561864170928}
  m_Mesh: {fileID: 4300000, guid: 91acc9bc616969f4baf94d6dafc35560, type: 2}
--- !u!23 &23077394978560481
MeshRenderer:
  m_GameObject: {fileID: 1979561864170928}
  m_Enabled: 1
  m_CastShadows: 1
  m_ReceiveShadows: 1
  m_DynamicOccludee: 1
  m_MotionVectors: 1
  m_LightProbeUsage: 0
  m_ReflectionProbeUsage: 1
  m_Materials:
  - {fileID: 2100000, guid: f3e93e04d28f6e1499d4798b1c099a63, type: 2}
  m_StaticBatchInfo:
    firstSubMesh: 0
    subMeshCount: 0
  m_StaticBatchRoot: {fileID: 0}
  m_ProbeAnchor: {fileID: 0}
  m_LightProbeVolumeOverride: {fileID: 0}
  m_ScaleInLightmap: 1
  m_PreserveUVs: 0
  m_IgnoreNormalsForChartDetection: 0
  m_ImportantGI: 0
  m_StitchLightmapSeams: 0
  m_SelectedEditorRenderState: 3
  m_MinimumChartSize: 4
  m_AutoUVMaxDistance: 0.5
  m_AutoUVMaxAngle: 89
  m_LightmapParameters: {fileID: 0}
  m_SortingLayerID: 0
  m_SortingLayer: 0
  m_SortingOrder: 0
--- !u!1 &1443508152649802
GameObject:
  serializedVersion: 5
  m_Component:
  - component: {fileID: 4826109650245616}
  - component: {fileID: 33013756281796154}
  - component: {fileID: 23811869765398614}
  m_Layer: 9
  m_Name: RareCard_Right_Zap_02
  m_TagString: Untagged
  m_Icon: {fileID: 0}
  m_NavMeshLayer: 0
  m_StaticEditorFlags: 0
  m_IsActive: 1
--- !u!4 &4826109650245616
Transform:
  m_GameObject: {fileID: 1443508152649802}
  m_LocalRotation: {x: -0.7071069, y: 0, z: 0, w: 0.7071068}
  m_LocalPosition: {x: -1.09822, y: 0.1680133, z: 0.4514609}
  m_LocalScale: {x: 0.001965788, y: 0.001965788, z: 0.001965788}
  m_Children: []
  m_Father: {fileID: 4669832722382017}
  m_RootOrder: 7
  m_LocalEulerAnglesHint: {x: -90.00001, y: 0, z: 0}
--- !u!33 &33013756281796154
MeshFilter:
  m_GameObject: {fileID: 1443508152649802}
  m_Mesh: {fileID: 4300000, guid: dc209692fb617b14cadc024f0d863d43, type: 2}
--- !u!23 &23811869765398614
MeshRenderer:
  m_GameObject: {fileID: 1443508152649802}
  m_Enabled: 1
  m_CastShadows: 1
  m_ReceiveShadows: 1
  m_DynamicOccludee: 1
  m_MotionVectors: 1
  m_LightProbeUsage: 0
  m_ReflectionProbeUsage: 1
  m_Materials:
  - {fileID: 2100000, guid: f3e93e04d28f6e1499d4798b1c099a63, type: 2}
  m_StaticBatchInfo:
    firstSubMesh: 0
    subMeshCount: 0
  m_StaticBatchRoot: {fileID: 0}
  m_ProbeAnchor: {fileID: 0}
  m_LightProbeVolumeOverride: {fileID: 0}
  m_ScaleInLightmap: 1
  m_PreserveUVs: 0
  m_IgnoreNormalsForChartDetection: 0
  m_ImportantGI: 0
  m_StitchLightmapSeams: 0
  m_SelectedEditorRenderState: 3
  m_MinimumChartSize: 4
  m_AutoUVMaxDistance: 0.5
  m_AutoUVMaxAngle: 89
  m_LightmapParameters: {fileID: 0}
  m_SortingLayerID: 0
  m_SortingLayer: 0
  m_SortingOrder: 0
--- !u!1 &1983820850817522
GameObject:
  serializedVersion: 5
  m_Component:
  - component: {fileID: 4625172375482222}
  - component: {fileID: 33407696866090125}
  - component: {fileID: 23792873900771942}
  m_Layer: 9
  m_Name: Star1
  m_TagString: Untagged
  m_Icon: {fileID: 0}
  m_NavMeshLayer: 0
  m_StaticEditorFlags: 0
  m_IsActive: 1
--- !u!4 &4625172375482222
Transform:
  m_GameObject: {fileID: 1983820850817522}
  m_LocalRotation: {x: 0, y: 0, z: 0, w: 1}
  m_LocalPosition: {x: 0.05612528, y: 0.1536987, z: 0}
  m_LocalScale: {x: 0.003349781, y: 0.002173853, z: 108.2485}
  m_Children: []
  m_Father: {fileID: 4669832722382017}
  m_RootOrder: 8
  m_LocalEulerAnglesHint: {x: 0, y: 0, z: 0}
--- !u!33 &33407696866090125
MeshFilter:
  m_GameObject: {fileID: 1983820850817522}
  m_Mesh: {fileID: 4300000, guid: 173f3672335371a4a916ec4054e686cb, type: 2}
--- !u!23 &23792873900771942
MeshRenderer:
  m_GameObject: {fileID: 1983820850817522}
  m_Enabled: 1
  m_CastShadows: 1
  m_ReceiveShadows: 1
  m_DynamicOccludee: 1
  m_MotionVectors: 1
  m_LightProbeUsage: 0
  m_ReflectionProbeUsage: 1
  m_Materials:
  - {fileID: 2100000, guid: f3e93e04d28f6e1499d4798b1c099a63, type: 2}
  m_StaticBatchInfo:
    firstSubMesh: 0
    subMeshCount: 0
  m_StaticBatchRoot: {fileID: 0}
  m_ProbeAnchor: {fileID: 0}
  m_LightProbeVolumeOverride: {fileID: 0}
  m_ScaleInLightmap: 1
  m_PreserveUVs: 0
  m_IgnoreNormalsForChartDetection: 0
  m_ImportantGI: 0
  m_StitchLightmapSeams: 0
  m_SelectedEditorRenderState: 3
  m_MinimumChartSize: 4
  m_AutoUVMaxDistance: 0.5
  m_AutoUVMaxAngle: 89
  m_LightmapParameters: {fileID: 0}
  m_SortingLayerID: 0
  m_SortingLayer: 0
  m_SortingOrder: 0
--- !u!1 &1230061304622455
GameObject:
  serializedVersion: 5
  m_Component:
  - component: {fileID: 4090439138153804}
  - component: {fileID: 33695505023720876}
  - component: {fileID: 23474814373199492}
  m_Layer: 9
  m_Name: Star2
  m_TagString: Untagged
  m_Icon: {fileID: 0}
  m_NavMeshLayer: 0
  m_StaticEditorFlags: 0
  m_IsActive: 1
--- !u!4 &4090439138153804
Transform:
  m_GameObject: {fileID: 1230061304622455}
  m_LocalRotation: {x: 0, y: 0, z: 0, w: 1}
  m_LocalPosition: {x: 0.05644441, y: 0.1533868, z: 0}
  m_LocalScale: {x: 0.003349781, y: 0.002173853, z: 108.2485}
  m_Children: []
  m_Father: {fileID: 4669832722382017}
  m_RootOrder: 9
  m_LocalEulerAnglesHint: {x: 0, y: 0, z: 0}
--- !u!33 &33695505023720876
MeshFilter:
  m_GameObject: {fileID: 1230061304622455}
  m_Mesh: {fileID: 4300000, guid: 432f302aa7d26d34c82753936f557262, type: 2}
--- !u!23 &23474814373199492
MeshRenderer:
  m_GameObject: {fileID: 1230061304622455}
  m_Enabled: 1
  m_CastShadows: 1
  m_ReceiveShadows: 1
  m_DynamicOccludee: 1
  m_MotionVectors: 1
  m_LightProbeUsage: 0
  m_ReflectionProbeUsage: 1
  m_Materials:
  - {fileID: 2100000, guid: f3e93e04d28f6e1499d4798b1c099a63, type: 2}
  m_StaticBatchInfo:
    firstSubMesh: 0
    subMeshCount: 0
  m_StaticBatchRoot: {fileID: 0}
  m_ProbeAnchor: {fileID: 0}
  m_LightProbeVolumeOverride: {fileID: 0}
  m_ScaleInLightmap: 1
  m_PreserveUVs: 0
  m_IgnoreNormalsForChartDetection: 0
  m_ImportantGI: 0
  m_StitchLightmapSeams: 0
  m_SelectedEditorRenderState: 3
  m_MinimumChartSize: 4
  m_AutoUVMaxDistance: 0.5
  m_AutoUVMaxAngle: 89
  m_LightmapParameters: {fileID: 0}
  m_SortingLayerID: 0
  m_SortingLayer: 0
  m_SortingOrder: 0
--- !u!1 &1962748175594558
GameObject:
  serializedVersion: 5
  m_Component:
  - component: {fileID: 4336116133804207}
  - component: {fileID: 33205449844137797}
  - component: {fileID: 23707906255052147}
  m_Layer: 9
  m_Name: Star3
  m_TagString: Untagged
  m_Icon: {fileID: 0}
  m_NavMeshLayer: 0
  m_StaticEditorFlags: 0
  m_IsActive: 1
--- !u!4 &4336116133804207
Transform:
  m_GameObject: {fileID: 1962748175594558}
  m_LocalRotation: {x: 0, y: 0, z: 0, w: 1}
  m_LocalPosition: {x: 0.05644441, y: 0.1533868, z: 0}
  m_LocalScale: {x: 0.003349781, y: 0.002173853, z: 108.2485}
  m_Children: []
  m_Father: {fileID: 4669832722382017}
  m_RootOrder: 10
  m_LocalEulerAnglesHint: {x: 0, y: 0, z: 0}
--- !u!33 &33205449844137797
MeshFilter:
  m_GameObject: {fileID: 1962748175594558}
  m_Mesh: {fileID: 4300000, guid: 601f73abf9918024aab135c53f36be47, type: 2}
--- !u!23 &23707906255052147
MeshRenderer:
  m_GameObject: {fileID: 1962748175594558}
  m_Enabled: 1
  m_CastShadows: 1
  m_ReceiveShadows: 1
  m_DynamicOccludee: 1
  m_MotionVectors: 1
  m_LightProbeUsage: 0
  m_ReflectionProbeUsage: 1
  m_Materials:
  - {fileID: 2100000, guid: f3e93e04d28f6e1499d4798b1c099a63, type: 2}
  m_StaticBatchInfo:
    firstSubMesh: 0
    subMeshCount: 0
  m_StaticBatchRoot: {fileID: 0}
  m_ProbeAnchor: {fileID: 0}
  m_LightProbeVolumeOverride: {fileID: 0}
  m_ScaleInLightmap: 1
  m_PreserveUVs: 0
  m_IgnoreNormalsForChartDetection: 0
  m_ImportantGI: 0
  m_StitchLightmapSeams: 0
  m_SelectedEditorRenderState: 3
  m_MinimumChartSize: 4
  m_AutoUVMaxDistance: 0.5
  m_AutoUVMaxAngle: 89
  m_LightmapParameters: {fileID: 0}
  m_SortingLayerID: 0
  m_SortingLayer: 0
  m_SortingOrder: 0
