%YAML 1.1
%TAG !u! tag:unity3d.com,2011:
--- !u!1001 &100100000
Prefab:
  serializedVersion: 2
  m_Modification:
    m_TransformParent: {fileID: 0}
    m_Modifications: []
    m_RemovedComponents: []
  m_ParentPrefab: {fileID: 0}
  m_RootGameObject: {fileID: 1432632594462525}
  m_IsPrefabParent: 1
--- !u!1 &1432632594462525
GameObject:
  serializedVersion: 5
  m_Component:
  - component: {fileID: 4286273362770053}
  - component: {fileID: 65929357206872995}
  - component: {fileID: 114202954614057664}
  - component: {fileID: 114774435821783659}
  - component: {fileID: 114077089455790034}
  - component: {fileID: 114768307597322979}
  m_Layer: 20
  m_Name: RecipeCard
  m_TagString: Untagged
  m_Icon: {fileID: 0}
  m_NavMeshLayer: 0
  m_StaticEditorFlags: 0
  m_IsActive: 1
--- !u!4 &4286273362770053
Transform:
  m_GameObject: {fileID: 1432632594462525}
  m_LocalRotation: {x: 0, y: 0, z: 0, w: 1}
  m_LocalPosition: {x: 0, y: 0, z: 1E-05}
  m_LocalScale: {x: 1, y: 1, z: 1}
  m_Children:
  - {fileID: 4989585504716783}
  - {fileID: 4680142983258400}
  m_Father: {fileID: 0}
  m_RootOrder: 0
  m_LocalEulerAnglesHint: {x: 0, y: 0, z: 0}
--- !u!65 &65929357206872995
BoxCollider:
  m_GameObject: {fileID: 1432632594462525}
  m_Material: {fileID: 0}
  m_IsTrigger: 1
  m_Enabled: 1
  serializedVersion: 2
  m_Size: {x: 330, y: 320, z: 20}
  m_Center: {x: 0, y: 0, z: 0}
--- !u!114 &114202954614057664
MonoBehaviour:
  m_GameObject: {fileID: 1432632594462525}
  m_Enabled: 1
  m_EditorHideFlags: 0
  m_Script: {fileID: 11500000, guid: eff605db9f989ff49bab2d6acf87be94, type: 3}
  m_Name:
  m_EditorClassIdentifier:
  sortByDepth: 0
  showInPanelTool: 1
  generateNormals: 0
  depthPass: 0
  widgetsAreStatic: 0
  cullWhileDragging: 0
  worldToLocal:
    e00: 1
    e01: 0
    e02: 0
    e03: 0
    e10: 0
    e11: 1
    e12: 0
    e13: 0
    e20: 0
    e21: 0
    e22: 1
    e23: 0
    e30: 0
    e31: 0
    e32: 0
    e33: 1
  mAlpha: 1
  mDebugInfo: 1
  mClipping: 0
  mClipRange: {x: 0, y: 0, z: 0, w: 0}
  mClipSoftness: {x: 40, y: 40}
--- !u!114 &114774435821783659
MonoBehaviour:
  m_GameObject: {fileID: 1432632594462525}
  m_Enabled: 1
  m_EditorHideFlags: 0
  m_Script: {fileID: 11500000, guid: 2297ee8f7ce08e5459cff893c292775f, type: 3}
  m_Name:
  m_EditorClassIdentifier:
  draggablePanel: {fileID: 0}
  panel: {fileID: 0}
--- !u!114 &114077089455790034
MonoBehaviour:
  m_GameObject: {fileID: 1432632594462525}
  m_Enabled: 1
  m_EditorHideFlags: 0
  m_Script: {fileID: 11500000, guid: 0e802a3787514fd45bc1e6e655c6906a, type: 3}
  m_Name:
  m_EditorClassIdentifier:
  label:
  tweenTarget: {fileID: 1896894110007535}
  tweenGroup: 0
  trigger: 0
  playDirection: 1
  resetOnPlay: 1
  ifDisabledOnPlay: 1
  disableWhenFinished: 0
  includeChildren: 0
  eventReceiver: {fileID: 0}
  callWhenFinished:
--- !u!114 &114768307597322979
MonoBehaviour:
  m_GameObject: {fileID: 1432632594462525}
  m_Enabled: 1
  m_EditorHideFlags: 0
  m_Script: {fileID: 11500000, guid: fb6b1ee249a4e444098d85ed38672f25, type: 3}
  m_Name:
  m_EditorClassIdentifier:
  recipeName:
  showScript: {fileID: 0}
--- !u!1 &1896894110007535
GameObject:
  serializedVersion: 5
  m_Component:
  - component: {fileID: 4989585504716783}
  - component: {fileID: 114694326605029670}
  m_Layer: 20
  m_Name: Panel
  m_TagString: Untagged
  m_Icon: {fileID: 0}
  m_NavMeshLayer: 0
  m_StaticEditorFlags: 0
  m_IsActive: 1
--- !u!4 &4989585504716783
Transform:
  m_GameObject: {fileID: 1896894110007535}
  m_LocalRotation: {x: 0, y: 0, z: 0, w: 1}
  m_LocalPosition: {x: 0, y: 0, z: 0}
  m_LocalScale: {x: 1, y: 1, z: 1}
  m_Children:
  - {fileID: 4537269303294583}
  - {fileID: 4235389975200846}
  m_Father: {fileID: 4286273362770053}
  m_RootOrder: 0
  m_LocalEulerAnglesHint: {x: 0, y: 0, z: 0}
--- !u!114 &114694326605029670
MonoBehaviour:
  m_GameObject: {fileID: 1896894110007535}
  m_Enabled: 0
  m_EditorHideFlags: 0
  m_Script: {fileID: 11500000, guid: cbb3c4554a9de5a49bf4cc94ba7e60ed, type: 3}
  m_Name:
  m_EditorClassIdentifier:
  label:
  method: 0
  style: 0
  animationCurve:
    serializedVersion: 2
    m_Curve:
    - serializedVersion: 2
      time: 0
      value: 0
      inSlope: 0
      outSlope: 1
      tangentMode: 0
    - serializedVersion: 2
      time: 0.2
      value: -1
      inSlope: 0
      outSlope: 0
      tangentMode: 0
    - serializedVersion: 2
      time: 0.4
      value: 1
      inSlope: 0
      outSlope: 0
      tangentMode: 0
    - serializedVersion: 2
      time: 0.6
      value: -0.5
      inSlope: 0
      outSlope: 0
      tangentMode: 0
    - serializedVersion: 2
      time: 0.8
      value: 0.5
      inSlope: 0
      outSlope: 0
      tangentMode: 0
    - serializedVersion: 2
      time: 1
      value: 0
      inSlope: 0
      outSlope: 0
      tangentMode: 0
    m_PreInfinity: 2
    m_PostInfinity: 2
    m_RotationOrder: 0
  ignoreTimeScale: 1
  delay: 0
  duration: 0.4
  steeperCurves: 0
  tweenGroup: 0
  DisableInputWhileTweening: 0
  eventReceiver: {fileID: 0}
  callWhenFinished:
  from: {x: 1, y: 1, z: 1}
  to: {x: 1.2, y: 1.2, z: 1}
  updateTable: 0
--- !u!1 &1018457879014714
GameObject:
  serializedVersion: 5
  m_Component:
  - component: {fileID: 4537269303294583}
  m_Layer: 20
  m_Name: Labels
  m_TagString: Untagged
  m_Icon: {fileID: 0}
  m_NavMeshLayer: 0
  m_StaticEditorFlags: 0
  m_IsActive: 1
--- !u!4 &4537269303294583
Transform:
  m_GameObject: {fileID: 1018457879014714}
  m_LocalRotation: {x: 0, y: 0, z: 0, w: 1}
  m_LocalPosition: {x: -3, y: -108.2689, z: 0}
  m_LocalScale: {x: 0.5068631, y: 0.5068631, z: 0.5068631}
  m_Children:
  - {fileID: 4003253151126937}
  - {fileID: 4909868824873937}
  m_Father: {fileID: 4989585504716783}
  m_RootOrder: 0
  m_LocalEulerAnglesHint: {x: 0, y: 0, z: 0}
--- !u!1 &1757747385419785
GameObject:
  serializedVersion: 5
  m_Component:
  - component: {fileID: 4003253151126937}
  - component: {fileID: 114398261227099259}
  m_Layer: 20
  m_Name: Type_Label
  m_TagString: Untagged
  m_Icon: {fileID: 0}
  m_NavMeshLayer: 0
  m_StaticEditorFlags: 0
  m_IsActive: 1
--- !u!4 &4003253151126937
Transform:
  m_GameObject: {fileID: 1757747385419785}
  m_LocalRotation: {x: 0, y: 0, z: 0, w: 1}
  m_LocalPosition: {x: 0, y: 0, z: -10}
  m_LocalScale: {x: 40, y: 40, z: 1.375434}
  m_Children: []
  m_Father: {fileID: 4537269303294583}
  m_RootOrder: 0
  m_LocalEulerAnglesHint: {x: 0, y: 0, z: 0}
--- !u!114 &114398261227099259
MonoBehaviour:
  m_GameObject: {fileID: 1757747385419785}
  m_Enabled: 1
  m_EditorHideFlags: 0
  m_Script: {fileID: 11500000, guid: ccde8050f6cc6ac4bb11f09abff4b109, type: 3}
  m_Name:
  m_EditorClassIdentifier:
  mColor: {r: 1, g: 1, b: 1, a: 1}
  mPivot: 4
  mDepth: 11
  mFont: {fileID: 114593240536863369, guid: 897949fd8d5ad3649a5c18084e1c9359, type: 2}
  mText: Creature
  mMaxLineWidth: 480
  mMaxLineHeight: 0
  mEncoding: 1
  mMaxLineCount: 0
  mPassword: 0
  mShowLastChar: 0
  mEffectStyle: 0
  mEffectColor: {r: 0, g: 0, b: 0, a: 1}
  mSymbols: 1
  mEffectDistance: {x: 1, y: 1}
  mShrinkToFit: 0
  mMaxFontSize: 128
  mLineWidth: 0
  mMultiline: 1
--- !u!1 &1551128933538391
GameObject:
  serializedVersion: 5
  m_Component:
  - component: {fileID: 4909868824873937}
  - component: {fileID: 114128997666693236}
  m_Layer: 20
  m_Name: Type_BG
  m_TagString: Untagged
  m_Icon: {fileID: 0}
  m_NavMeshLayer: 0
  m_StaticEditorFlags: 0
  m_IsActive: 1
--- !u!4 &4909868824873937
Transform:
  m_GameObject: {fileID: 1551128933538391}
  m_LocalRotation: {x: 0, y: 0, z: 0, w: 1}
  m_LocalPosition: {x: -0.233545, y: 0, z: -0.09985352}
  m_LocalScale: {x: 500, y: 83.43932, z: 72.55594}
  m_Children: []
  m_Father: {fileID: 4537269303294583}
  m_RootOrder: 1
  m_LocalEulerAnglesHint: {x: 0, y: 0, z: 0}
--- !u!114 &114128997666693236
MonoBehaviour:
  m_GameObject: {fileID: 1551128933538391}
  m_Enabled: 1
  m_EditorHideFlags: 0
  m_Script: {fileID: 11500000, guid: 0fd6f77a58070074eba1f4656a61ef1b, type: 3}
  m_Name:
  m_EditorClassIdentifier:
  mColor: {r: 1, g: 1, b: 1, a: 1}
  mPivot: 4
  mDepth: 4
  mAtlas: {fileID: 114516743219966252, guid: cf6f415c8989ba440ba73fadaba86ecc, type: 2}
  mSpriteName: Craft_MaterialCardsFrame
  mFillCenter: 1
  mType: 0
  mFillDirection: 4
  mFillAmount: 1
  mInvert: 0
--- !u!1 &1160088581510958
GameObject:
  serializedVersion: 5
  m_Component:
  - component: {fileID: 4235389975200846}
  m_Layer: 20
  m_Name: Panel
  m_TagString: Untagged
  m_Icon: {fileID: 0}
  m_NavMeshLayer: 0
  m_StaticEditorFlags: 0
  m_IsActive: 1
--- !u!4 &4235389975200846
Transform:
  m_GameObject: {fileID: 1160088581510958}
  m_LocalRotation: {x: 0, y: 0, z: 0, w: 1}
  m_LocalPosition: {x: 0, y: 0, z: 0}
  m_LocalScale: {x: 1, y: 1, z: 1}
  m_Children:
  - {fileID: 4748223549669354}
  - {fileID: 4513515240554208}
  - {fileID: 4233320454945288}
  - {fileID: 4314829762016369}
  m_Father: {fileID: 4989585504716783}
  m_RootOrder: 1
  m_LocalEulerAnglesHint: {x: 0, y: 0, z: 0}
--- !u!1 &1990637904736802
GameObject:
  serializedVersion: 5
  m_Component:
  - component: {fileID: 4748223549669354}
  - component: {fileID: 114961960171698152}
  m_Layer: 20
  m_Name: Card_Art
  m_TagString: Untagged
  m_Icon: {fileID: 0}
  m_NavMeshLayer: 0
  m_StaticEditorFlags: 0
  m_IsActive: 1
--- !u!4 &4748223549669354
Transform:
  m_GameObject: {fileID: 1990637904736802}
  m_LocalRotation: {x: 0, y: 0, z: 0, w: 1}
  m_LocalPosition: {x: 0, y: 0, z: 0}
  m_LocalScale: {x: 285, y: 285, z: 1}
  m_Children: []
  m_Father: {fileID: 4235389975200846}
  m_RootOrder: 0
  m_LocalEulerAnglesHint: {x: 0, y: 0, z: 0}
--- !u!114 &114961960171698152
MonoBehaviour:
  m_GameObject: {fileID: 1990637904736802}
  m_Enabled: 1
  m_EditorHideFlags: 0
  m_Script: {fileID: 11500000, guid: 329dbfc9ff0cad444957e0fabee092eb, type: 3}
  m_Name:
  m_EditorClassIdentifier:
  mColor: {r: 1, g: 1, b: 1, a: 1}
  mPivot: 4
  mDepth: 0
  mAtlas: {fileID: 0}
  mSpriteName: Creature_GrayEyeBat
  mFillCenter: 1
  mType: 0
  mFillDirection: 4
  mFillAmount: 1
  mInvert: 0
--- !u!1 &1068083301183309
GameObject:
  serializedVersion: 5
  m_Component:
  - component: {fileID: 4513515240554208}
  - component: {fileID: 114640859782675309}
  - component: {fileID: 114277810207090660}
  m_Layer: 20
  m_Name: Card_Glimmer
  m_TagString: Untagged
  m_Icon: {fileID: 0}
  m_NavMeshLayer: 0
  m_StaticEditorFlags: 0
  m_IsActive: 0
--- !u!4 &4513515240554208
Transform:
  m_GameObject: {fileID: 1068083301183309}
  m_LocalRotation: {x: 0, y: 0, z: 0, w: 1}
  m_LocalPosition: {x: 0, y: 0, z: -5}
  m_LocalScale: {x: 285, y: 285, z: 1}
  m_Children: []
  m_Father: {fileID: 4235389975200846}
  m_RootOrder: 1
  m_LocalEulerAnglesHint: {x: 0, y: 0, z: 0}
--- !u!114 &114640859782675309
MonoBehaviour:
  m_GameObject: {fileID: 1068083301183309}
  m_Enabled: 1
  m_EditorHideFlags: 0
  m_Script: {fileID: 11500000, guid: f71c8f92497d2254294bd50a06e10760, type: 3}
  m_Name:
  m_EditorClassIdentifier:
  mColor: {r: 1, g: 1, b: 1, a: 1}
  mPivot: 4
  mDepth: -50
  mRect:
    serializedVersion: 2
    x: 0
    y: 0.5
    width: 0.5
    height: 0.5
  mShader: {fileID: 10752, guid: 0000000000000000f000000000000000, type: 0}
  mTexture: {fileID: 0}
  mMat: {fileID: 2100000, guid: 242442fae9b613f4e9e9e4bb2bb31b7e, type: 2}
--- !u!114 &114277810207090660
MonoBehaviour:
  m_GameObject: {fileID: 1068083301183309}
  m_Enabled: 1
  m_EditorHideFlags: 0
  m_Script: {fileID: 11500000, guid: 04f7f95a432e27b408581e03643154a9, type: 3}
  m_Name:
  m_EditorClassIdentifier:
  Xspeed: 0.8
  Yspeed: 0.8
  CycleRangeSeconds: {x: 3, y: 6}
--- !u!1 &1515018687118109
GameObject:
  serializedVersion: 5
  m_Component:
  - component: {fileID: 4233320454945288}
  m_Layer: 20
  m_Name: New
  m_TagString: Untagged
  m_Icon: {fileID: 0}
  m_NavMeshLayer: 0
  m_StaticEditorFlags: 0
  m_IsActive: 1
--- !u!4 &4233320454945288
Transform:
  m_GameObject: {fileID: 1515018687118109}
  m_LocalRotation: {x: 0, y: 0, z: 0, w: 1}
  m_LocalPosition: {x: -103.7567, y: 102.8796, z: -0.2}
  m_LocalScale: {x: 1, y: 1, z: 1}
  m_Children:
  - {fileID: 4402536743778721}
  - {fileID: 4317127846298081}
  m_Father: {fileID: 4235389975200846}
  m_RootOrder: 2
  m_LocalEulerAnglesHint: {x: 0, y: 0, z: 0}
--- !u!1 &1935251588947221
GameObject:
  serializedVersion: 5
  m_Component:
  - component: {fileID: 4402536743778721}
  - component: {fileID: 114404026160314472}
  m_Layer: 20
  m_Name: New_BG
  m_TagString: Untagged
  m_Icon: {fileID: 0}
  m_NavMeshLayer: 0
  m_StaticEditorFlags: 0
  m_IsActive: 1
--- !u!4 &4402536743778721
Transform:
  m_GameObject: {fileID: 1935251588947221}
  m_LocalRotation: {x: 0, y: 0, z: 0, w: 1}
  m_LocalPosition: {x: 6, y: -8, z: 0}
  m_LocalScale: {x: 132, y: 130, z: 1}
  m_Children: []
  m_Father: {fileID: 4233320454945288}
  m_RootOrder: 0
  m_LocalEulerAnglesHint: {x: 0, y: 0, z: 0}
--- !u!114 &114404026160314472
MonoBehaviour:
  m_GameObject: {fileID: 1935251588947221}
  m_Enabled: 1
  m_EditorHideFlags: 0
  m_Script: {fileID: 11500000, guid: 0fd6f77a58070074eba1f4656a61ef1b, type: 3}
  m_Name:
  m_EditorClassIdentifier:
  mColor: {r: 1, g: 1, b: 1, a: 1}
  mPivot: 4
  mDepth: 4
  mAtlas: {fileID: 114516743219966252, guid: cf6f415c8989ba440ba73fadaba86ecc, type: 2}
  mSpriteName: Craft_NewCardBadge
  mFillCenter: 1
  mType: 0
  mFillDirection: 4
  mFillAmount: 1
  mInvert: 0
--- !u!1 &1275711353689614
GameObject:
  serializedVersion: 5
  m_Component:
  - component: {fileID: 4317127846298081}
  - component: {fileID: 114710761322721358}
  m_Layer: 20
  m_Name: New_Label
  m_TagString: Untagged
  m_Icon: {fileID: 0}
  m_NavMeshLayer: 0
  m_StaticEditorFlags: 0
  m_IsActive: 1
--- !u!4 &4317127846298081
Transform:
  m_GameObject: {fileID: 1275711353689614}
  m_LocalRotation: {x: 0, y: 0, z: 0, w: 1}
  m_LocalPosition: {x: -0.02, y: 0.04, z: -1}
  m_LocalScale: {x: 0.4, y: 0.4, z: 1}
  m_Children: []
  m_Father: {fileID: 4233320454945288}
  m_RootOrder: 1
  m_LocalEulerAnglesHint: {x: 0, y: 0, z: 0}
--- !u!114 &114710761322721358
MonoBehaviour:
  m_GameObject: {fileID: 1275711353689614}
  m_Enabled: 0
  m_EditorHideFlags: 0
  m_Script: {fileID: 11500000, guid: ccde8050f6cc6ac4bb11f09abff4b109, type: 3}
  m_Name:
  m_EditorClassIdentifier:
  mColor: {r: 1, g: 1, b: 1, a: 1}
  mPivot: 4
  mDepth: 4
  mFont: {fileID: 114763157611755492, guid: bde1d416987068a45aef11c41e3c4e95, type: 2}
  mText: New
  mMaxLineWidth: 0
  mMaxLineHeight: 0
  mEncoding: 1
  mMaxLineCount: 0
  mPassword: 0
  mShowLastChar: 0
  mEffectStyle: 0
  mEffectColor: {r: 0, g: 0, b: 0, a: 1}
  mSymbols: 1
  mEffectDistance: {x: 1, y: 1}
  mShrinkToFit: 0
  mMaxFontSize: 128
  mLineWidth: 0
  mMultiline: 1
--- !u!1 &1887265593819767
GameObject:
  serializedVersion: 5
  m_Component:
  - component: {fileID: 4314829762016369}
  m_Layer: 0
  m_Name: FrameRoot
  m_TagString: Untagged
  m_Icon: {fileID: 0}
  m_NavMeshLayer: 0
  m_StaticEditorFlags: 0
  m_IsActive: 1
--- !u!4 &4314829762016369
Transform:
  m_GameObject: {fileID: 1887265593819767}
  m_LocalRotation: {x: 0, y: 0, z: 0, w: 1}
  m_LocalPosition: {x: 0, y: 0, z: 0}
  m_LocalScale: {x: 0.5, y: 0.5, z: 1}
  m_Children:
  - {fileID: 4208423218452855}
  m_Father: {fileID: 4235389975200846}
  m_RootOrder: 3
  m_LocalEulerAnglesHint: {x: 0, y: 0, z: 0}
--- !u!1 &1184315243222580
GameObject:
  serializedVersion: 5
  m_Component:
  - component: {fileID: 4208423218452855}
  - component: {fileID: 114609439109375487}
  m_Layer: 20
  m_Name: Card_Frame
  m_TagString: Untagged
  m_Icon: {fileID: 0}
  m_NavMeshLayer: 0
  m_StaticEditorFlags: 0
  m_IsActive: 1
--- !u!4 &4208423218452855
Transform:
  m_GameObject: {fileID: 1184315243222580}
  m_LocalRotation: {x: 0, y: 0, z: 0, w: 1}
  m_LocalPosition: {x: 0, y: 0, z: 0}
  m_LocalScale: {x: 615.03, y: 597.994, z: 1}
  m_Children: []
  m_Father: {fileID: 4314829762016369}
  m_RootOrder: 0
  m_LocalEulerAnglesHint: {x: 0, y: 0, z: 0}
--- !u!114 &114609439109375487
MonoBehaviour:
  m_GameObject: {fileID: 1184315243222580}
  m_Enabled: 1
  m_EditorHideFlags: 0
  m_Script: {fileID: 11500000, guid: 0fd6f77a58070074eba1f4656a61ef1b, type: 3}
  m_Name:
  m_EditorClassIdentifier:
  mColor: {r: 1, g: 1, b: 1, a: 1}
  mPivot: 4
  mDepth: 2
  mAtlas: {fileID: 114516743219966252, guid: cf6f415c8989ba440ba73fadaba86ecc, type: 2}
  mSpriteName: QuestInfo_BG
  mFillCenter: 1
  mType: 0
  mFillDirection: 4
  mFillAmount: 1
  mInvert: 0
--- !u!1 &1568595599578050
GameObject:
  serializedVersion: 5
  m_Component:
  - component: {fileID: 4680142983258400}
  m_Layer: 20
  m_Name: TweenTarget
  m_TagString: Untagged
  m_Icon: {fileID: 0}
  m_NavMeshLayer: 0
  m_StaticEditorFlags: 0
  m_IsActive: 1
--- !u!4 &4680142983258400
Transform:
  m_GameObject: {fileID: 1568595599578050}
  m_LocalRotation: {x: 0, y: 0, z: 0, w: 1}
  m_LocalPosition: {x: 0, y: 0, z: 0}
  m_LocalScale: {x: 0.6, y: 0.6, z: 1}
  m_Children: []
  m_Father: {fileID: 4286273362770053}
  m_RootOrder: 1
  m_LocalEulerAnglesHint: {x: 0, y: 0, z: 0}
