%YAML 1.1
%TAG !u! tag:unity3d.com,2011:
--- !u!1001 &100100000
Prefab:
  serializedVersion: 2
  m_Modification:
    m_TransformParent: {fileID: 0}
    m_Modifications: []
    m_RemovedComponents: []
  m_ParentPrefab: {fileID: 0}
  m_RootGameObject: {fileID: 1979219292173210}
  m_IsPrefabParent: 1
--- !u!1 &1979219292173210
GameObject:
  serializedVersion: 5
  m_Component:
  - component: {fileID: 4551314944570553}
  - component: {fileID: 65319875301378636}
  - component: {fileID: 114657344140336222}
  - component: {fileID: 114590075401233012}
  - component: {fileID: 114310459641688063}
  - component: {fileID: 114964129975545687}
  m_Layer: 20
  m_Name: RecipeCardLocked
  m_TagString: Untagged
  m_Icon: {fileID: 0}
  m_NavMeshLayer: 0
  m_StaticEditorFlags: 0
  m_IsActive: 1
--- !u!4 &4551314944570553
Transform:
  m_GameObject: {fileID: 1979219292173210}
  m_LocalRotation: {x: 0, y: 0, z: 0, w: 1}
  m_LocalPosition: {x: 0, y: 0, z: 0}
  m_LocalScale: {x: 1, y: 1, z: 1}
  m_Children:
  - {fileID: 4354106276563988}
  - {fileID: 4156395979338644}
  m_Father: {fileID: 0}
  m_RootOrder: 0
  m_LocalEulerAnglesHint: {x: 0, y: 0, z: 0}
--- !u!65 &65319875301378636
BoxCollider:
  m_GameObject: {fileID: 1979219292173210}
  m_Material: {fileID: 0}
  m_IsTrigger: 1
  m_Enabled: 1
  serializedVersion: 2
  m_Size: {x: 330, y: 320, z: 20}
  m_Center: {x: 0, y: 0, z: 0}
--- !u!114 &114657344140336222
MonoBehaviour:
  m_GameObject: {fileID: 1979219292173210}
  m_Enabled: 1
  m_EditorHideFlags: 0
  m_Script: {fileID: 11500000, guid: eff605db9f989ff49bab2d6acf87be94, type: 3}
  m_Name:
  m_EditorClassIdentifier:
  sortByDepth: 0
  showInPanelTool: 1
  generateNormals: 0
  depthPass: 0
  widgetsAreStatic: 0
  cullWhileDragging: 0
  worldToLocal:
    e00: 1
    e01: 0
    e02: 0
    e03: 0
    e10: 0
    e11: 1
    e12: 0
    e13: 0
    e20: 0
    e21: 0
    e22: 1
    e23: 0
    e30: 0
    e31: 0
    e32: 0
    e33: 1
  mAlpha: 1
  mDebugInfo: 1
  mClipping: 0
  mClipRange: {x: 0, y: 0, z: 0, w: 0}
  mClipSoftness: {x: 40, y: 40}
--- !u!114 &114590075401233012
MonoBehaviour:
  m_GameObject: {fileID: 1979219292173210}
  m_Enabled: 1
  m_EditorHideFlags: 0
  m_Script: {fileID: 11500000, guid: 2297ee8f7ce08e5459cff893c292775f, type: 3}
  m_Name:
  m_EditorClassIdentifier:
  draggablePanel: {fileID: 0}
  panel: {fileID: 0}
--- !u!114 &114310459641688063
MonoBehaviour:
  m_GameObject: {fileID: 1979219292173210}
  m_Enabled: 1
  m_EditorHideFlags: 0
  m_Script: {fileID: 11500000, guid: 0e802a3787514fd45bc1e6e655c6906a, type: 3}
  m_Name:
  m_EditorClassIdentifier:
  label:
  tweenTarget: {fileID: 1240844776703555}
  tweenGroup: 0
  trigger: 0
  playDirection: 1
  resetOnPlay: 1
  ifDisabledOnPlay: 1
  disableWhenFinished: 0
  includeChildren: 0
  eventReceiver: {fileID: 0}
  callWhenFinished:
--- !u!114 &114964129975545687
MonoBehaviour:
  m_GameObject: {fileID: 1979219292173210}
  m_Enabled: 1
  m_EditorHideFlags: 0
  m_Script: {fileID: 11500000, guid: b0faa213dd5c61d479517d63f1e039a7, type: 3}
  m_Name:
  m_EditorClassIdentifier:
--- !u!1 &1240844776703555
GameObject:
  serializedVersion: 5
  m_Component:
  - component: {fileID: 4354106276563988}
  - component: {fileID: 114623079377468182}
  m_Layer: 20
  m_Name: Panel
  m_TagString: Untagged
  m_Icon: {fileID: 0}
  m_NavMeshLayer: 0
  m_StaticEditorFlags: 0
  m_IsActive: 1
--- !u!4 &4354106276563988
Transform:
  m_GameObject: {fileID: 1240844776703555}
  m_LocalRotation: {x: 0, y: 0, z: 0, w: 1}
  m_LocalPosition: {x: 0, y: 0, z: 0}
  m_LocalScale: {x: 1, y: 1, z: 1}
  m_Children:
  - {fileID: 4246613645340023}
  m_Father: {fileID: 4551314944570553}
  m_RootOrder: 0
  m_LocalEulerAnglesHint: {x: 0, y: 0, z: 0}
--- !u!114 &114623079377468182
MonoBehaviour:
  m_GameObject: {fileID: 1240844776703555}
  m_Enabled: 0
  m_EditorHideFlags: 0
  m_Script: {fileID: 11500000, guid: cbb3c4554a9de5a49bf4cc94ba7e60ed, type: 3}
  m_Name:
  m_EditorClassIdentifier:
  label:
  method: 0
  style: 0
  animationCurve:
    serializedVersion: 2
    m_Curve:
    - serializedVersion: 2
      time: 0
      value: 0
      inSlope: 0
      outSlope: 1
      tangentMode: 0
    - serializedVersion: 2
      time: 0.2
      value: -1
      inSlope: 0
      outSlope: 0
      tangentMode: 0
    - serializedVersion: 2
      time: 0.4
      value: 1
      inSlope: 0
      outSlope: 0
      tangentMode: 0
    - serializedVersion: 2
      time: 0.6
      value: -0.5
      inSlope: 0
      outSlope: 0
      tangentMode: 0
    - serializedVersion: 2
      time: 0.8
      value: 0.5
      inSlope: 0
      outSlope: 0
      tangentMode: 0
    - serializedVersion: 2
      time: 1
      value: 0
      inSlope: 0
      outSlope: 0
      tangentMode: 0
    m_PreInfinity: 2
    m_PostInfinity: 2
    m_RotationOrder: 0
  ignoreTimeScale: 1
  delay: 0
  duration: 0.4
  steeperCurves: 0
  tweenGroup: 0
  DisableInputWhileTweening: 0
  eventReceiver: {fileID: 0}
  callWhenFinished:
  from: {x: 1, y: 1, z: 1}
  to: {x: 1.2, y: 1.2, z: 1}
  updateTable: 0
--- !u!1 &1027513826620237
GameObject:
  serializedVersion: 5
  m_Component:
  - component: {fileID: 4246613645340023}
  m_Layer: 20
  m_Name: Panel
  m_TagString: Untagged
  m_Icon: {fileID: 0}
  m_NavMeshLayer: 0
  m_StaticEditorFlags: 0
  m_IsActive: 1
--- !u!4 &4246613645340023
Transform:
  m_GameObject: {fileID: 1027513826620237}
  m_LocalRotation: {x: 0, y: 0, z: 0, w: 1}
  m_LocalPosition: {x: 0, y: 0, z: 0}
  m_LocalScale: {x: 1, y: 1, z: 1}
  m_Children:
  - {fileID: 4855337178574205}
  - {fileID: 4185250562193073}
  m_Father: {fileID: 4354106276563988}
  m_RootOrder: 0
  m_LocalEulerAnglesHint: {x: 0, y: 0, z: 0}
--- !u!1 &1576736132658266
GameObject:
  serializedVersion: 5
  m_Component:
  - component: {fileID: 4855337178574205}
  m_Layer: 20
  m_Name: Hidden
  m_TagString: Untagged
  m_Icon: {fileID: 0}
  m_NavMeshLayer: 0
  m_StaticEditorFlags: 0
  m_IsActive: 1
--- !u!4 &4855337178574205
Transform:
  m_GameObject: {fileID: 1576736132658266}
  m_LocalRotation: {x: 0, y: 0, z: 0, w: 1}
  m_LocalPosition: {x: 0, y: 0, z: -1}
  m_LocalScale: {x: 1, y: 1, z: 1}
  m_Children:
  - {fileID: 4030161429627632}
  - {fileID: 4843748862178452}
  m_Father: {fileID: 4246613645340023}
  m_RootOrder: 0
  m_LocalEulerAnglesHint: {x: 0, y: 0, z: 0}
--- !u!1 &1824663617660759
GameObject:
  serializedVersion: 5
  m_Component:
  - component: {fileID: 4030161429627632}
  - component: {fileID: 114093474048625699}
  m_Layer: 20
  m_Name: Hidden_BG
  m_TagString: Untagged
  m_Icon: {fileID: 0}
  m_NavMeshLayer: 0
  m_StaticEditorFlags: 0
  m_IsActive: 1
--- !u!4 &4030161429627632
Transform:
  m_GameObject: {fileID: 1824663617660759}
  m_LocalRotation: {x: 0, y: 0, z: 0, w: 1}
  m_LocalPosition: {x: 0, y: 0, z: 0.2}
  m_LocalScale: {x: 285, y: 285, z: 1}
  m_Children: []
  m_Father: {fileID: 4855337178574205}
  m_RootOrder: 0
  m_LocalEulerAnglesHint: {x: 0, y: 0, z: 0}
--- !u!114 &114093474048625699
MonoBehaviour:
  m_GameObject: {fileID: 1824663617660759}
  m_Enabled: 1
  m_EditorHideFlags: 0
  m_Script: {fileID: 11500000, guid: 329dbfc9ff0cad444957e0fabee092eb, type: 3}
  m_Name:
  m_EditorClassIdentifier:
  mColor: {r: 0.3019608, g: 0.3921569, b: 0.4235294, a: 1}
  mPivot: 4
  mDepth: 1
  mAtlas: {fileID: 114516743219966252, guid: cf6f415c8989ba440ba73fadaba86ecc, type: 2}
  mSpriteName: CW_Grey
  mFillCenter: 1
  mType: 0
  mFillDirection: 4
  mFillAmount: 1
  mInvert: 0
--- !u!1 &1421369822805970
GameObject:
  serializedVersion: 5
  m_Component:
  - component: {fileID: 4843748862178452}
  - component: {fileID: 114516966305142561}
  m_Layer: 20
  m_Name: New_Label
  m_TagString: Untagged
  m_Icon: {fileID: 0}
  m_NavMeshLayer: 0
  m_StaticEditorFlags: 0
  m_IsActive: 1
--- !u!4 &4843748862178452
Transform:
  m_GameObject: {fileID: 1421369822805970}
  m_LocalRotation: {x: 0, y: 0, z: 0, w: 1}
  m_LocalPosition: {x: 0, y: 0, z: -1}
  m_LocalScale: {x: 130, y: 225, z: 1.513691}
  m_Children: []
  m_Father: {fileID: 4855337178574205}
  m_RootOrder: 1
  m_LocalEulerAnglesHint: {x: 0, y: 0, z: 0}
--- !u!114 &114516966305142561
MonoBehaviour:
  m_GameObject: {fileID: 1421369822805970}
  m_Enabled: 1
  m_EditorHideFlags: 0
  m_Script: {fileID: 11500000, guid: 0fd6f77a58070074eba1f4656a61ef1b, type: 3}
  m_Name:
  m_EditorClassIdentifier:
  mColor: {r: 1, g: 1, b: 1, a: 1}
  mPivot: 4
  mDepth: 2
  mAtlas: {fileID: 114516743219966252, guid: cf6f415c8989ba440ba73fadaba86ecc, type: 2}
  mSpriteName: Craft_NoRecipe
  mFillCenter: 1
  mType: 0
  mFillDirection: 4
  mFillAmount: 1
  mInvert: 0
--- !u!1 &1528198093326540
GameObject:
  serializedVersion: 5
  m_Component:
  - component: {fileID: 4185250562193073}
  m_Layer: 0
  m_Name: FrameRoot
  m_TagString: Untagged
  m_Icon: {fileID: 0}
  m_NavMeshLayer: 0
  m_StaticEditorFlags: 0
  m_IsActive: 1
--- !u!4 &4185250562193073
Transform:
  m_GameObject: {fileID: 1528198093326540}
  m_LocalRotation: {x: 0, y: 0, z: 0, w: 1}
  m_LocalPosition: {x: 0, y: 0, z: 0}
  m_LocalScale: {x: 0.5, y: 0.5, z: 1}
  m_Children:
  - {fileID: 4705638453396625}
  m_Father: {fileID: 4246613645340023}
  m_RootOrder: 1
  m_LocalEulerAnglesHint: {x: 0, y: 0, z: 0}
--- !u!1 &1866542876939396
GameObject:
  serializedVersion: 5
  m_Component:
  - component: {fileID: 4705638453396625}
  - component: {fileID: 114925386768466432}
  m_Layer: 20
  m_Name: Card_Frame
  m_TagString: Untagged
  m_Icon: {fileID: 0}
  m_NavMeshLayer: 0
  m_StaticEditorFlags: 0
  m_IsActive: 1
--- !u!4 &4705638453396625
Transform:
  m_GameObject: {fileID: 1866542876939396}
  m_LocalRotation: {x: 0, y: 0, z: 0, w: 1}
  m_LocalPosition: {x: 0, y: 0, z: 0}
  m_LocalScale: {x: 615.03, y: 597.994, z: 1}
  m_Children: []
  m_Father: {fileID: 4185250562193073}
  m_RootOrder: 0
  m_LocalEulerAnglesHint: {x: 0, y: 0, z: 0}
--- !u!114 &114925386768466432
MonoBehaviour:
  m_GameObject: {fileID: 1866542876939396}
  m_Enabled: 1
  m_EditorHideFlags: 0
  m_Script: {fileID: 11500000, guid: 0fd6f77a58070074eba1f4656a61ef1b, type: 3}
  m_Name:
  m_EditorClassIdentifier:
  mColor: {r: 1, g: 1, b: 1, a: 1}
  mPivot: 4
  mDepth: 2
  mAtlas: {fileID: 114516743219966252, guid: cf6f415c8989ba440ba73fadaba86ecc, type: 2}
  mSpriteName: QuestInfo_BG
  mFillCenter: 1
  mType: 0
  mFillDirection: 4
  mFillAmount: 1
  mInvert: 0
--- !u!1 &1401855873381055
GameObject:
  serializedVersion: 5
  m_Component:
  - component: {fileID: 4156395979338644}
  m_Layer: 20
  m_Name: TweenTarget
  m_TagString: Untagged
  m_Icon: {fileID: 0}
  m_NavMeshLayer: 0
  m_StaticEditorFlags: 0
  m_IsActive: 1
--- !u!4 &4156395979338644
Transform:
  m_GameObject: {fileID: 1401855873381055}
  m_LocalRotation: {x: 0, y: 0, z: 0, w: 1}
  m_LocalPosition: {x: 0, y: 0, z: 0}
  m_LocalScale: {x: 0.6, y: 0.6, z: 1}
  m_Children: []
  m_Father: {fileID: 4551314944570553}
  m_RootOrder: 1
  m_LocalEulerAnglesHint: {x: 0, y: 0, z: 0}
