%YAML 1.1
%TAG !u! tag:unity3d.com,2011:
--- !u!1001 &100100000
Prefab:
  serializedVersion: 2
  m_Modification:
    m_TransformParent: {fileID: 0}
    m_Modifications: []
    m_RemovedComponents: []
  m_ParentPrefab: {fileID: 0}
  m_RootGameObject: {fileID: 1916940836512113}
  m_IsPrefabParent: 1
--- !u!1 &1916940836512113
GameObject:
  serializedVersion: 5
  m_Component:
  - component: {fileID: 4918129642586495}
  - component: {fileID: 111458672873735902}
  - component: {fileID: 114043980104320232}
  - component: {fileID: 82740040000236022}
  - component: {fileID: 114660778100598885}
  - component: {fileID: 114117724460200221}
  m_Layer: 0
  m_Name: AncientScholar
  m_TagString: Untagged
  m_Icon: {fileID: 0}
  m_NavMeshLayer: 0
  m_StaticEditorFlags: 0
  m_IsActive: 1
--- !u!4 &4918129642586495
Transform:
  m_GameObject: {fileID: 1916940836512113}
  m_LocalRotation: {x: 0, y: 0, z: 0, w: 1}
  m_LocalPosition: {x: 0, y: 0, z: 0}
  m_LocalScale: {x: 1, y: 1, z: 1}
  m_Children:
  - {fileID: 4634247587738357}
  - {fileID: 4789114786788545}
  - {fileID: 4500820338716457}
  - {fileID: 4053198616502197}
  - {fileID: 4781217550375625}
  m_Father: {fileID: 0}
  m_RootOrder: 0
  m_LocalEulerAnglesHint: {x: 0, y: 0, z: 0}
--- !u!111 &111458672873735902
Animation:
  m_GameObject: {fileID: 1916940836512113}
  m_Enabled: 1
  serializedVersion: 3
  m_Animation: {fileID: 0}
  m_Animations:
  - {fileID: 7400000, guid: 20429c8d0e23a5541a0e6a6e5fa6facb, type: 2}
  - {fileID: 7400000, guid: 2def08004a7fd4647a29e8229d5b85a0, type: 2}
  - {fileID: 7400000, guid: 316eb1bea4764dd468c42b22089931c9, type: 2}
  - {fileID: 7400000, guid: e84bef836c2ecd54da4577a9ef1eaf8f, type: 2}
  - {fileID: 7400000, guid: 2e0c4e004a66bb84aaee5942cf107dc0, type: 2}
  - {fileID: 7400000, guid: 9a239176375c85f40a4f4f846f435f4c, type: 2}
  - {fileID: 7400000, guid: d57db057cb8641d42a36f78cfdbc042b, type: 2}
  - {fileID: 7400000, guid: 11cc4faff5e3e1c4ebc0e5ebf0cff9ed, type: 2}
  m_WrapMode: 0
  m_PlayAutomatically: 0
  m_AnimatePhysics: 0
  m_CullingType: 1
--- !u!114 &114043980104320232
MonoBehaviour:
  m_GameObject: {fileID: 1916940836512113}
  m_Enabled: 1
  m_EditorHideFlags: 0
  m_Script: {fileID: 11500000, guid: 203ebd45b8aad6940846389310fb33f6, type: 3}
  m_Name:
  m_EditorClassIdentifier:
  SpawnEffect: {fileID: 0}
  SpawnAudio: {fileID: 8300000, guid: f2730f436447fc74a8c7e95e33304805, type: 3}
  SpawnAudioDelaySecs: 0
  Intro: Scholar_Intro
  Idle: Scholar_Idle
  IntroLength: 2.5
  hpBar: {fileID: 0}
--- !u!82 &82740040000236022
AudioSource:
  m_GameObject: {fileID: 1916940836512113}
  m_Enabled: 1
  serializedVersion: 4
  OutputAudioMixerGroup: {fileID: 0}
  m_audioClip: {fileID: 0}
  m_PlayOnAwake: 0
  m_Volume: 1
  m_Pitch: 1
  Loop: 0
  Mute: 0
  Spatialize: 0
  SpatializePostEffects: 0
  Priority: 128
  DopplerLevel: 1
  MinDistance: 1
  MaxDistance: 500
  Pan2D: 0
  rolloffMode: 2
  BypassEffects: 0
  BypassListenerEffects: 0
  BypassReverbZones: 0
  rolloffCustomCurve:
    serializedVersion: 2
    m_Curve:
    - serializedVersion: 2
      time: 0
      value: 1
      inSlope: 0
      outSlope: 0
      tangentMode: 0
    - serializedVersion: 2
      time: 1
      value: 1
      inSlope: 0
      outSlope: 0
      tangentMode: 0
    m_PreInfinity: 2
    m_PostInfinity: 2
    m_RotationOrder: 0
  panLevelCustomCurve:
    serializedVersion: 2
    m_Curve:
    - serializedVersion: 2
      time: 0
      value: 0
      inSlope: 0
      outSlope: 0
      tangentMode: 0
    m_PreInfinity: 2
    m_PostInfinity: 2
    m_RotationOrder: 0
  spreadCustomCurve:
    serializedVersion: 2
    m_Curve:
    - serializedVersion: 2
      time: 0
      value: 0
      inSlope: 0
      outSlope: 0
      tangentMode: 0
    m_PreInfinity: 2
    m_PostInfinity: 2
    m_RotationOrder: 0
  reverbZoneMixCustomCurve:
    serializedVersion: 2
    m_Curve:
    - serializedVersion: 2
      time: 0
      value: 1
      inSlope: 0
      outSlope: 0
      tangentMode: 0
    m_PreInfinity: 2
    m_PostInfinity: 2
    m_RotationOrder: 0
--- !u!114 &114660778100598885
MonoBehaviour:
  m_GameObject: {fileID: 1916940836512113}
  m_Enabled: 1
  m_EditorHideFlags: 0
  m_Script: {fileID: 11500000, guid: 816f303b97b032a4d9e1a96b34158d44, type: 3}
  m_Name:
  m_EditorClassIdentifier:
  Tombstone: {fileID: 0}
  Timer: 0
  Idle:
  RemoveTombstone: 0
  DamageDealt: 0
  Flooped: 0
  Crash: 0
--- !u!114 &114117724460200221
MonoBehaviour:
  m_GameObject: {fileID: 1916940836512113}
  m_Enabled: 1
  m_EditorHideFlags: 0
  m_Script: {fileID: 11500000, guid: 9390b1f887e33a34caef2ef05f3f87a5, type: 3}
  m_Name:
  m_EditorClassIdentifier:
  animTarget: {fileID: 0}
  animName:
--- !u!1 &1156839132194485
GameObject:
  serializedVersion: 5
  m_Component:
  - component: {fileID: 4634247587738357}
  - component: {fileID: 137061259919588485}
  m_Layer: 0
  m_Name: AncientScholar
  m_TagString: Untagged
  m_Icon: {fileID: 0}
  m_NavMeshLayer: 0
  m_StaticEditorFlags: 0
  m_IsActive: 1
--- !u!4 &4634247587738357
Transform:
  m_GameObject: {fileID: 1156839132194485}
  m_LocalRotation: {x: -0.7071068, y: 0, z: 0, w: 0.7071068}
  m_LocalPosition: {x: -0.005731583, y: 0, z: 0}
  m_LocalScale: {x: 1, y: 1, z: 1}
  m_Children: []
  m_Father: {fileID: 4918129642586495}
  m_RootOrder: 0
  m_LocalEulerAnglesHint: {x: -90, y: 0, z: 0}
--- !u!137 &137061259919588485
SkinnedMeshRenderer:
  m_GameObject: {fileID: 1156839132194485}
  m_Enabled: 1
  m_CastShadows: 1
  m_ReceiveShadows: 1
  m_DynamicOccludee: 1
  m_MotionVectors: 1
  m_LightProbeUsage: 0
  m_ReflectionProbeUsage: 1
  m_Materials:
  - {fileID: 2100000, guid: 4f7c438f9b256b4488d0a65fa60301f8, type: 2}
  m_StaticBatchInfo:
    firstSubMesh: 0
    subMeshCount: 0
  m_StaticBatchRoot: {fileID: 0}
  m_ProbeAnchor: {fileID: 0}
  m_LightProbeVolumeOverride: {fileID: 0}
  m_ScaleInLightmap: 1
  m_PreserveUVs: 0
  m_IgnoreNormalsForChartDetection: 0
  m_ImportantGI: 0
  m_StitchLightmapSeams: 0
  m_SelectedEditorRenderState: 3
  m_MinimumChartSize: 4
  m_AutoUVMaxDistance: 0.5
  m_AutoUVMaxAngle: 89
  m_LightmapParameters: {fileID: 0}
  m_SortingLayerID: 0
  m_SortingLayer: 0
  m_SortingOrder: 0
  serializedVersion: 2
  m_Quality: 0
  m_UpdateWhenOffscreen: 0
  m_skinnedMotionVectors: 0
  m_Mesh: {fileID: 4300000, guid: 1d14c066be3845148bab1c48ab94a9de, type: 2}
  m_Bones:
  - {fileID: 4056950334326599}
  - {fileID: 4725048330685851}
  - {fileID: 4483156211368595}
  - {fileID: 4196244389035104}
  - {fileID: 4053198616502197}
  - {fileID: 4039244651882218}
  - {fileID: 4002001551305576}
  - {fileID: 4248432507227268}
  - {fileID: 4855074768779758}
  - {fileID: 4314344371312015}
  - {fileID: 4955219801970447}
  - {fileID: 4202077383937056}
  m_BlendShapeWeights: []
  m_RootBone: {fileID: 4053198616502197}
  m_AABB:
    m_Center: {x: 0.6265981, y: 0.0278908, z: -0.005731821}
    m_Extent: {x: 1.146971, y: 1.012579, z: 1.566885}
  m_DirtyAABB: 0
--- !u!1 &1529971113369958
GameObject:
  serializedVersion: 5
  m_Component:
  - component: {fileID: 4789114786788545}
  - component: {fileID: 137512310372294428}
  m_Layer: 0
  m_Name: AncientScholar_Alpha
  m_TagString: Untagged
  m_Icon: {fileID: 0}
  m_NavMeshLayer: 0
  m_StaticEditorFlags: 0
  m_IsActive: 1
--- !u!4 &4789114786788545
Transform:
  m_GameObject: {fileID: 1529971113369958}
  m_LocalRotation: {x: -0.7071068, y: 0, z: 0, w: 0.7071068}
  m_LocalPosition: {x: -0.005731583, y: 0.01781929, z: 0.2761517}
  m_LocalScale: {x: 1, y: 1, z: 1}
  m_Children: []
  m_Father: {fileID: 4918129642586495}
  m_RootOrder: 1
  m_LocalEulerAnglesHint: {x: -90, y: 0, z: 0}
--- !u!137 &137512310372294428
SkinnedMeshRenderer:
  m_GameObject: {fileID: 1529971113369958}
  m_Enabled: 1
  m_CastShadows: 1
  m_ReceiveShadows: 1
  m_DynamicOccludee: 1
  m_MotionVectors: 1
  m_LightProbeUsage: 0
  m_ReflectionProbeUsage: 1
  m_Materials:
  - {fileID: 2100000, guid: 4f7c438f9b256b4488d0a65fa60301f8, type: 2}
  m_StaticBatchInfo:
    firstSubMesh: 0
    subMeshCount: 0
  m_StaticBatchRoot: {fileID: 0}
  m_ProbeAnchor: {fileID: 0}
  m_LightProbeVolumeOverride: {fileID: 0}
  m_ScaleInLightmap: 1
  m_PreserveUVs: 0
  m_IgnoreNormalsForChartDetection: 0
  m_ImportantGI: 0
  m_StitchLightmapSeams: 0
  m_SelectedEditorRenderState: 3
  m_MinimumChartSize: 4
  m_AutoUVMaxDistance: 0.5
  m_AutoUVMaxAngle: 89
  m_LightmapParameters: {fileID: 0}
  m_SortingLayerID: 0
  m_SortingLayer: 0
  m_SortingOrder: 0
  serializedVersion: 2
  m_Quality: 0
  m_UpdateWhenOffscreen: 0
  m_skinnedMotionVectors: 0
  m_Mesh: {fileID: 4300000, guid: e4e3af6d7b764934bbecd0a2e75e0ee6, type: 2}
  m_Bones:
  - {fileID: 4483156211368595}
  m_BlendShapeWeights: []
  m_RootBone: {fileID: 4483156211368595}
  m_AABB:
    m_Center: {x: -0.4045403, y: 0.3031384, z: 0.005731553}
    m_Extent: {x: 0.2224246, y: 0.09284982, z: 0.3440052}
  m_DirtyAABB: 0
--- !u!1 &1189681147878026
GameObject:
  serializedVersion: 5
  m_Component:
  - component: {fileID: 4500820338716457}
  - component: {fileID: 137668807029088566}
  m_Layer: 0
  m_Name: AncientScholar_Outline
  m_TagString: Untagged
  m_Icon: {fileID: 0}
  m_NavMeshLayer: 0
  m_StaticEditorFlags: 0
  m_IsActive: 1
--- !u!4 &4500820338716457
Transform:
  m_GameObject: {fileID: 1189681147878026}
  m_LocalRotation: {x: -0.7071068, y: 0, z: 0, w: 0.7071068}
  m_LocalPosition: {x: -0.005731583, y: 0, z: 0}
  m_LocalScale: {x: 1, y: 1, z: 1}
  m_Children: []
  m_Father: {fileID: 4918129642586495}
  m_RootOrder: 2
  m_LocalEulerAnglesHint: {x: -90, y: 0, z: 0}
--- !u!137 &137668807029088566
SkinnedMeshRenderer:
  m_GameObject: {fileID: 1189681147878026}
  m_Enabled: 1
  m_CastShadows: 1
  m_ReceiveShadows: 1
  m_DynamicOccludee: 1
  m_MotionVectors: 1
  m_LightProbeUsage: 0
  m_ReflectionProbeUsage: 1
  m_Materials:
  - {fileID: 2100000, guid: 4f7c438f9b256b4488d0a65fa60301f8, type: 2}
  m_StaticBatchInfo:
    firstSubMesh: 0
    subMeshCount: 0
  m_StaticBatchRoot: {fileID: 0}
  m_ProbeAnchor: {fileID: 0}
  m_LightProbeVolumeOverride: {fileID: 0}
  m_ScaleInLightmap: 1
  m_PreserveUVs: 0
  m_IgnoreNormalsForChartDetection: 0
  m_ImportantGI: 0
  m_StitchLightmapSeams: 0
  m_SelectedEditorRenderState: 3
  m_MinimumChartSize: 4
  m_AutoUVMaxDistance: 0.5
  m_AutoUVMaxAngle: 89
  m_LightmapParameters: {fileID: 0}
  m_SortingLayerID: 0
  m_SortingLayer: 0
  m_SortingOrder: 0
  serializedVersion: 2
  m_Quality: 0
  m_UpdateWhenOffscreen: 0
  m_skinnedMotionVectors: 0
  m_Mesh: {fileID: 4300000, guid: a2b5bdc9105a95b47b3c09922d5ab3f1, type: 2}
  m_Bones:
  - {fileID: 4056950334326599}
  - {fileID: 4725048330685851}
  - {fileID: 4483156211368595}
  - {fileID: 4196244389035104}
  - {fileID: 4053198616502197}
  - {fileID: 4039244651882218}
  - {fileID: 4002001551305576}
  - {fileID: 4248432507227268}
  - {fileID: 4855074768779758}
  - {fileID: 4314344371312015}
  - {fileID: 4955219801970447}
  m_BlendShapeWeights: []
  m_RootBone: {fileID: 4053198616502197}
  m_AABB:
    m_Center: {x: 0.6267064, y: -0.1510112, z: -0.005731821}
    m_Extent: {x: 1.156834, y: 0.843638, z: 1.572786}
  m_DirtyAABB: 0
--- !u!1 &1118242875644197
GameObject:
  serializedVersion: 5
  m_Component:
  - component: {fileID: 4053198616502197}
  m_Layer: 0
  m_Name: Puppet_Pelvis
  m_TagString: Untagged
  m_Icon: {fileID: 0}
  m_NavMeshLayer: 0
  m_StaticEditorFlags: 0
  m_IsActive: 1
--- !u!4 &4053198616502197
Transform:
  m_GameObject: {fileID: 1118242875644197}
  m_LocalRotation: {x: 0.5000001, y: 0.5000001, z: 0.4999999, w: 0.4999999}
  m_LocalPosition: {x: 8.526513E-14, y: 0.4958222, z: -0.02698686}
  m_LocalScale: {x: 1, y: 1, z: 1}
  m_Children:
  - {fileID: 4056950334326599}
  - {fileID: 4196244389035104}
  m_Father: {fileID: 4918129642586495}
  m_RootOrder: 3
  m_LocalEulerAnglesHint: {x: 90.00003, y: 0, z: -90}
--- !u!1 &1646883958482313
GameObject:
  serializedVersion: 5
  m_Component:
  - component: {fileID: 4056950334326599}
  m_Layer: 0
  m_Name: Puppet_BottomRobe
  m_TagString: Untagged
  m_Icon: {fileID: 0}
  m_NavMeshLayer: 0
  m_StaticEditorFlags: 0
  m_IsActive: 1
--- !u!4 &4056950334326599
Transform:
  m_GameObject: {fileID: 1646883958482313}
  m_LocalRotation: {x: -1.649049E-07, y: -1.73226E-07, z: -1.499733E-07, w: 1}
  m_LocalPosition: {x: -0.1024467, y: 4.470348E-08, z: -9.947598E-14}
  m_LocalScale: {x: 1, y: 0.9999998, z: 1}
  m_Children: []
  m_Father: {fileID: 4053198616502197}
  m_RootOrder: 0
  m_LocalEulerAnglesHint: {x: -1.88967E-05, y: 1.985024E-05, z: 1.718567E-05}
--- !u!1 &1840692388749059
GameObject:
  serializedVersion: 5
  m_Component:
  - component: {fileID: 4196244389035104}
  m_Layer: 0
  m_Name: Puppet_Spine
  m_TagString: Untagged
  m_Icon: {fileID: 0}
  m_NavMeshLayer: 0
  m_StaticEditorFlags: 0
  m_IsActive: 1
--- !u!4 &4196244389035104
Transform:
  m_GameObject: {fileID: 1840692388749059}
  m_LocalRotation: {x: 2.988623E-07, y: 1, z: -3.297489E-07, w: 5.147868E-08}
  m_LocalPosition: {x: 0.1533864, y: -4.842877E-08, z: -7.460699E-14}
  m_LocalScale: {x: 0.9999999, y: 0.9999999, z: 0.9999999}
  m_Children:
  - {fileID: 4725048330685851}
  m_Father: {fileID: 4053198616502197}
  m_RootOrder: 1
  m_LocalEulerAnglesHint: {x: -180, y: -5.899034E-06, z: -180}
--- !u!1 &1345226822985358
GameObject:
  serializedVersion: 5
  m_Component:
  - component: {fileID: 4725048330685851}
  m_Layer: 0
  m_Name: Puppet_Spine1
  m_TagString: Untagged
  m_Icon: {fileID: 0}
  m_NavMeshLayer: 0
  m_StaticEditorFlags: 0
  m_IsActive: 1
--- !u!4 &4725048330685851
Transform:
  m_GameObject: {fileID: 1345226822985358}
  m_LocalRotation: {x: 9.911588E-10, y: 6.012068E-08, z: -3.42972E-10, w: 1}
  m_LocalPosition: {x: -0.245631, y: -1.303852E-08, z: 2.528943E-08}
  m_LocalScale: {x: 0.9999999, y: 0.9999999, z: 1}
  m_Children:
  - {fileID: 4202077383937056}
  - {fileID: 4483156211368595}
  - {fileID: 4039244651882218}
  - {fileID: 4855074768779758}
  m_Father: {fileID: 4196244389035104}
  m_RootOrder: 0
  m_LocalEulerAnglesHint: {x: 1.135784E-07, y: -6.889322E-06, z: 3.930169E-08}
--- !u!1 &1725506301950600
GameObject:
  serializedVersion: 5
  m_Component:
  - component: {fileID: 4202077383937056}
  m_Layer: 0
  m_Name: Puppet_Book
  m_TagString: Untagged
  m_Icon: {fileID: 0}
  m_NavMeshLayer: 0
  m_StaticEditorFlags: 0
  m_IsActive: 1
--- !u!4 &4202077383937056
Transform:
  m_GameObject: {fileID: 1725506301950600}
  m_LocalRotation: {x: -1.456791E-09, y: -5.382368E-09, z: -3.010442E-09, w: 1}
  m_LocalPosition: {x: -0.06317115, y: 0.9429016, z: -1.452204E-07}
  m_LocalScale: {x: 0.9999999, y: 1, z: 1.000001}
  m_Children: []
  m_Father: {fileID: 4725048330685851}
  m_RootOrder: 0
  m_LocalEulerAnglesHint: {x: -1.66936E-07, y: 6.16774E-07, z: 3.449712E-07}
--- !u!1 &1815881453988420
GameObject:
  serializedVersion: 5
  m_Component:
  - component: {fileID: 4483156211368595}
  m_Layer: 0
  m_Name: Puppet_Head
  m_TagString: Untagged
  m_Icon: {fileID: 0}
  m_NavMeshLayer: 0
  m_StaticEditorFlags: 0
  m_IsActive: 1
--- !u!4 &4483156211368595
Transform:
  m_GameObject: {fileID: 1815881453988420}
  m_LocalRotation: {x: -1.159813E-09, y: -3.870457E-09, z: -3.725305E-09, w: 1}
  m_LocalPosition: {x: -0.3861426, y: 6.332994E-08, z: -6.674086E-09}
  m_LocalScale: {x: 0.9999999, y: 0.9999999, z: 1}
  m_Children: []
  m_Father: {fileID: 4725048330685851}
  m_RootOrder: 1
  m_LocalEulerAnglesHint: {x: -1.329048E-07, y: 4.435217E-07, z: 4.268885E-07}
--- !u!1 &1762907460807849
GameObject:
  serializedVersion: 5
  m_Component:
  - component: {fileID: 4039244651882218}
  m_Layer: 0
  m_Name: Puppet_L_UpperArm
  m_TagString: Untagged
  m_Icon: {fileID: 0}
  m_NavMeshLayer: 0
  m_StaticEditorFlags: 0
  m_IsActive: 1
--- !u!4 &4039244651882218
Transform:
  m_GameObject: {fileID: 1762907460807849}
  m_LocalRotation: {x: 0.02650823, y: 0.7066097, z: 0.02650906, w: 0.7066098}
  m_LocalPosition: {x: -0.1996935, y: 0.01412127, z: 0.4691045}
  m_LocalScale: {x: 0.9999999, y: 0.9999999, z: 1}
  m_Children:
  - {fileID: 4002001551305576}
  m_Father: {fileID: 4725048330685851}
  m_RootOrder: 2
  m_LocalEulerAnglesHint: {x: 89.9999, y: -85.70309, z: -89.99997}
--- !u!1 &1389142349942365
GameObject:
  serializedVersion: 5
  m_Component:
  - component: {fileID: 4002001551305576}
  m_Layer: 0
  m_Name: Puppet_L_Forearm
  m_TagString: Untagged
  m_Icon: {fileID: 0}
  m_NavMeshLayer: 0
  m_StaticEditorFlags: 0
  m_IsActive: 1
--- !u!4 &4002001551305576
Transform:
  m_GameObject: {fileID: 1389142349942365}
  m_LocalRotation: {x: -8.485969E-09, y: -4.659821E-08, z: -0.04813606, w: 0.9988408}
  m_LocalPosition: {x: -0.3756553, y: 5.587935E-09, z: 0}
  m_LocalScale: {x: 1, y: 1, z: 1}
  m_Children:
  - {fileID: 4248432507227268}
  m_Father: {fileID: 4039244651882218}
  m_RootOrder: 0
  m_LocalEulerAnglesHint: {x: -7.142581E-07, y: 5.38038E-06, z: 5.518118}
--- !u!1 &1082405700051703
GameObject:
  serializedVersion: 5
  m_Component:
  - component: {fileID: 4248432507227268}
  m_Layer: 0
  m_Name: Puppet_L_Hand
  m_TagString: Untagged
  m_Icon: {fileID: 0}
  m_NavMeshLayer: 0
  m_StaticEditorFlags: 0
  m_IsActive: 1
--- !u!4 &4248432507227268
Transform:
  m_GameObject: {fileID: 1082405700051703}
  m_LocalRotation: {x: 5.79472E-08, y: 1.757905E-08, z: 0.0120208, w: 0.9999278}
  m_LocalPosition: {x: -0.4526109, y: -7.450581E-09, z: -1.192093E-07}
  m_LocalScale: {x: 0.9999996, y: 0.9999996, z: 1}
  m_Children: []
  m_Father: {fileID: 4002001551305576}
  m_RootOrder: 0
  m_LocalEulerAnglesHint: {x: 6.663995E-06, y: -1.934444E-06, z: -1.377516}
--- !u!1 &1682085526430677
GameObject:
  serializedVersion: 5
  m_Component:
  - component: {fileID: 4855074768779758}
  m_Layer: 0
  m_Name: Puppet_R_UpperArm
  m_TagString: Untagged
  m_Icon: {fileID: 0}
  m_NavMeshLayer: 0
  m_StaticEditorFlags: 0
  m_IsActive: 1
--- !u!4 &4855074768779758
Transform:
  m_GameObject: {fileID: 1682085526430677}
  m_LocalRotation: {x: -0.02627876, y: -0.7066184, z: 0.02627937, w: 0.7066182}
  m_LocalPosition: {x: -0.1996931, y: 0.01412125, z: -0.4567565}
  m_LocalScale: {x: 1, y: 0.9999999, z: 1}
  m_Children:
  - {fileID: 4314344371312015}
  m_Father: {fileID: 4725048330685851}
  m_RootOrder: 3
  m_LocalEulerAnglesHint: {x: -90.00011, y: 85.74031, z: -90.00015}
--- !u!1 &1181391780814589
GameObject:
  serializedVersion: 5
  m_Component:
  - component: {fileID: 4314344371312015}
  m_Layer: 0
  m_Name: Puppet_R_Forearm
  m_TagString: Untagged
  m_Icon: {fileID: 0}
  m_NavMeshLayer: 0
  m_StaticEditorFlags: 0
  m_IsActive: 1
--- !u!4 &4314344371312015
Transform:
  m_GameObject: {fileID: 1181391780814589}
  m_LocalRotation: {x: 2.639604E-08, y: 6.978211E-08, z: -0.04781152, w: 0.9988564}
  m_LocalPosition: {x: -0.3788619, y: 1.490116E-08, z: 1.192093E-07}
  m_LocalScale: {x: 0.9999998, y: 0.9999998, z: 1}
  m_Children:
  - {fileID: 4955219801970447}
  m_Father: {fileID: 4855074768779758}
  m_RootOrder: 0
  m_LocalEulerAnglesHint: {x: 2.638982E-06, y: -8.131915E-06, z: 5.480886}
--- !u!1 &1891283112646428
GameObject:
  serializedVersion: 5
  m_Component:
  - component: {fileID: 4955219801970447}
  m_Layer: 0
  m_Name: Puppet_R_Hand
  m_TagString: Untagged
  m_Icon: {fileID: 0}
  m_NavMeshLayer: 0
  m_StaticEditorFlags: 0
  m_IsActive: 1
--- !u!4 &4955219801970447
Transform:
  m_GameObject: {fileID: 1891283112646428}
  m_LocalRotation: {x: -6.204611E-08, y: -2.163966E-08, z: 0.0120208, w: 0.9999278}
  m_LocalPosition: {x: -0.4526111, y: 1.490116E-08, z: 1.192093E-07}
  m_LocalScale: {x: 1, y: 1, z: 1}
  m_Children: []
  m_Father: {fileID: 4314344371312015}
  m_RootOrder: 0
  m_LocalEulerAnglesHint: {x: -7.139255E-06, y: 2.394075E-06, z: -1.377516}
--- !u!1 &1790817796007654
GameObject:
  serializedVersion: 5
  m_Component:
  - component: {fileID: 4781217550375625}
  m_Layer: 0
  m_Name: Puppet_Root
  m_TagString: Untagged
  m_Icon: {fileID: 0}
  m_NavMeshLayer: 0
  m_StaticEditorFlags: 0
  m_IsActive: 1
--- !u!4 &4781217550375625
Transform:
  m_GameObject: {fileID: 1790817796007654}
  m_LocalRotation: {x: -0.7071068, y: 0, z: 0, w: 0.7071068}
  m_LocalPosition: {x: 0, y: 0, z: 0}
  m_LocalScale: {x: 1, y: 1, z: 1}
  m_Children: []
  m_Father: {fileID: 4918129642586495}
  m_RootOrder: 4
  m_LocalEulerAnglesHint: {x: -90, y: 0, z: 0}
