%YAML 1.1
%TAG !u! tag:unity3d.com,2011:
--- !u!1001 &100100000
Prefab:
  serializedVersion: 2
  m_Modification:
    m_TransformParent: {fileID: 0}
    m_Modifications: []
    m_RemovedComponents: []
  m_ParentPrefab: {fileID: 0}
  m_RootGameObject: {fileID: 1022443718659834}
  m_IsPrefabParent: 1
--- !u!1 &1022443718659834
GameObject:
  serializedVersion: 5
  m_Component:
  - component: {fileID: 4417510362669179}
  - component: {fileID: 111609609021825971}
  - component: {fileID: 114121172460992534}
  - component: {fileID: 82864651807685389}
  - component: {fileID: 114420356414884799}
  - component: {fileID: 114692253002357469}
  m_Layer: 0
  m_Name: CaptainTaco
  m_TagString: Untagged
  m_Icon: {fileID: 0}
  m_NavMeshLayer: 0
  m_StaticEditorFlags: 0
  m_IsActive: 1
--- !u!4 &4417510362669179
Transform:
  m_GameObject: {fileID: 1022443718659834}
  m_LocalRotation: {x: 0, y: 0, z: 0, w: 1}
  m_LocalPosition: {x: 0, y: 0, z: 0}
  m_LocalScale: {x: 1, y: 1, z: 1}
  m_Children:
  - {fileID: 4515571040407538}
  - {fileID: 4310160346046971}
  - {fileID: 4135557289613735}
  - {fileID: 4462379210497714}
  m_Father: {fileID: 0}
  m_RootOrder: 0
  m_LocalEulerAnglesHint: {x: 0, y: 0, z: 0}
--- !u!111 &111609609021825971
Animation:
  m_GameObject: {fileID: 1022443718659834}
  m_Enabled: 1
  serializedVersion: 3
  m_Animation: {fileID: 0}
  m_Animations:
  - {fileID: 7400000, guid: 882ec7e06512aef41ae13f08c165cf05, type: 2}
  - {fileID: 7400000, guid: 33913a344d16f624a8dc0f080d0126d1, type: 2}
  - {fileID: 7400000, guid: 316eb1bea4764dd468c42b22089931c9, type: 2}
  - {fileID: 7400000, guid: e84bef836c2ecd54da4577a9ef1eaf8f, type: 2}
  - {fileID: 7400000, guid: 2e0c4e004a66bb84aaee5942cf107dc0, type: 2}
  - {fileID: 7400000, guid: 9a239176375c85f40a4f4f846f435f4c, type: 2}
  - {fileID: 7400000, guid: d57db057cb8641d42a36f78cfdbc042b, type: 2}
  - {fileID: 7400000, guid: 11cc4faff5e3e1c4ebc0e5ebf0cff9ed, type: 2}
  m_WrapMode: 0
  m_PlayAutomatically: 1
  m_AnimatePhysics: 0
  m_CullingType: 1
--- !u!114 &114121172460992534
MonoBehaviour:
  m_GameObject: {fileID: 1022443718659834}
  m_Enabled: 1
  m_EditorHideFlags: 0
  m_Script: {fileID: 11500000, guid: 203ebd45b8aad6940846389310fb33f6, type: 3}
  m_Name:
  m_EditorClassIdentifier:
  SpawnEffect: {fileID: 0}
  SpawnAudio: {fileID: 8300000, guid: f2730f436447fc74a8c7e95e33304805, type: 3}
  SpawnAudioDelaySecs: 0
  Intro: CaptainTaco_Intro
  Idle: CaptainTaco_Idle
  IntroLength: 2.46666
  hpBar: {fileID: 0}
--- !u!82 &82864651807685389
AudioSource:
  m_GameObject: {fileID: 1022443718659834}
  m_Enabled: 1
  serializedVersion: 4
  OutputAudioMixerGroup: {fileID: 0}
  m_audioClip: {fileID: 0}
  m_PlayOnAwake: 0
  m_Volume: 1
  m_Pitch: 1
  Loop: 0
  Mute: 0
  Spatialize: 0
  SpatializePostEffects: 0
  Priority: 128
  DopplerLevel: 1
  MinDistance: 1
  MaxDistance: 500
  Pan2D: 0
  rolloffMode: 0
  BypassEffects: 0
  BypassListenerEffects: 0
  BypassReverbZones: 0
  rolloffCustomCurve:
    serializedVersion: 2
    m_Curve:
    - serializedVersion: 2
      time: 0
      value: 1
      inSlope: 0
      outSlope: 0
      tangentMode: 0
    - serializedVersion: 2
      time: 1
      value: 0
      inSlope: 0
      outSlope: 0
      tangentMode: 0
    m_PreInfinity: 2
    m_PostInfinity: 2
    m_RotationOrder: 0
  panLevelCustomCurve:
    serializedVersion: 2
    m_Curve:
    - serializedVersion: 2
      time: 0
      value: 0
      inSlope: 0
      outSlope: 0
      tangentMode: 0
    m_PreInfinity: 2
    m_PostInfinity: 2
    m_RotationOrder: 0
  spreadCustomCurve:
    serializedVersion: 2
    m_Curve:
    - serializedVersion: 2
      time: 0
      value: 0
      inSlope: 0
      outSlope: 0
      tangentMode: 0
    m_PreInfinity: 2
    m_PostInfinity: 2
    m_RotationOrder: 0
  reverbZoneMixCustomCurve:
    serializedVersion: 2
    m_Curve:
    - serializedVersion: 2
      time: 0
      value: 1
      inSlope: 0
      outSlope: 0
      tangentMode: 0
    m_PreInfinity: 2
    m_PostInfinity: 2
    m_RotationOrder: 0
--- !u!114 &114420356414884799
MonoBehaviour:
  m_GameObject: {fileID: 1022443718659834}
  m_Enabled: 1
  m_EditorHideFlags: 0
  m_Script: {fileID: 11500000, guid: 816f303b97b032a4d9e1a96b34158d44, type: 3}
  m_Name:
  m_EditorClassIdentifier:
  Tombstone: {fileID: 0}
  Timer: 0
  Idle:
  RemoveTombstone: 0
  DamageDealt: 0
  Flooped: 0
  Crash: 0
--- !u!114 &114692253002357469
MonoBehaviour:
  m_GameObject: {fileID: 1022443718659834}
  m_Enabled: 1
  m_EditorHideFlags: 0
  m_Script: {fileID: 11500000, guid: 9390b1f887e33a34caef2ef05f3f87a5, type: 3}
  m_Name:
  m_EditorClassIdentifier:
  animTarget: {fileID: 0}
  animName:
--- !u!1 &1868102293724117
GameObject:
  serializedVersion: 5
  m_Component:
  - component: {fileID: 4515571040407538}
  - component: {fileID: 137124439640340405}
  m_Layer: 0
  m_Name: CaptainTaco
  m_TagString: Untagged
  m_Icon: {fileID: 0}
  m_NavMeshLayer: 0
  m_StaticEditorFlags: 0
  m_IsActive: 1
--- !u!4 &4515571040407538
Transform:
  m_GameObject: {fileID: 1868102293724117}
  m_LocalRotation: {x: -0.7071068, y: 0, z: 0, w: 0.7071068}
  m_LocalPosition: {x: -0.003510237, y: -0.01031487, z: -0.04997653}
  m_LocalScale: {x: 1, y: 1, z: 1}
  m_Children: []
  m_Father: {fileID: 4417510362669179}
  m_RootOrder: 0
  m_LocalEulerAnglesHint: {x: -90, y: 0, z: 0}
--- !u!137 &137124439640340405
SkinnedMeshRenderer:
  m_GameObject: {fileID: 1868102293724117}
  m_Enabled: 1
  m_CastShadows: 1
  m_ReceiveShadows: 1
  m_DynamicOccludee: 1
  m_MotionVectors: 1
  m_LightProbeUsage: 0
  m_ReflectionProbeUsage: 1
  m_Materials:
  - {fileID: 2100000, guid: 6289c4fc9649c5545a2266ded720d3dd, type: 2}
  m_StaticBatchInfo:
    firstSubMesh: 0
    subMeshCount: 0
  m_StaticBatchRoot: {fileID: 0}
  m_ProbeAnchor: {fileID: 0}
  m_LightProbeVolumeOverride: {fileID: 0}
  m_ScaleInLightmap: 1
  m_PreserveUVs: 0
  m_IgnoreNormalsForChartDetection: 0
  m_ImportantGI: 0
  m_StitchLightmapSeams: 0
  m_SelectedEditorRenderState: 3
  m_MinimumChartSize: 4
  m_AutoUVMaxDistance: 0.5
  m_AutoUVMaxAngle: 89
  m_LightmapParameters: {fileID: 0}
  m_SortingLayerID: 0
  m_SortingLayer: 0
  m_SortingOrder: 0
  serializedVersion: 2
  m_Quality: 0
  m_UpdateWhenOffscreen: 0
  m_skinnedMotionVectors: 0
  m_Mesh: {fileID: 4300000, guid: 86419c46aa042314eb39a83cbb21300b, type: 2}
  m_Bones:
  - {fileID: 4912994778617809}
  - {fileID: 4466032824589218}
  - {fileID: 4135557289613735}
  - {fileID: 4695978516570723}
  - {fileID: 4848140743936282}
  - {fileID: 4949541330974881}
  - {fileID: 4341937419774464}
  - {fileID: 4757637316610834}
  - {fileID: 4373556855911532}
  - {fileID: 4591933138161738}
  - {fileID: 4683205540482922}
  - {fileID: 4789576527867015}
  - {fileID: 4194716724071958}
  - {fileID: 4795865768907904}
  - {fileID: 4889983082802156}
  - {fileID: 4128863540078220}
  - {fileID: 4376107291981352}
  - {fileID: 4666567202713296}
  - {fileID: 4518498031967244}
  m_BlendShapeWeights: []
  m_RootBone: {fileID: 4135557289613735}
  m_AABB:
    m_Center: {x: -0.302991, y: 0.3441561, z: 0.003510118}
    m_Extent: {x: 1.072524, y: 0.928135, z: 1.507386}
  m_DirtyAABB: 0
--- !u!1 &1227179441922258
GameObject:
  serializedVersion: 5
  m_Component:
  - component: {fileID: 4310160346046971}
  - component: {fileID: 137268395711648515}
  m_Layer: 0
  m_Name: CaptainTaco_Outline
  m_TagString: Untagged
  m_Icon: {fileID: 0}
  m_NavMeshLayer: 0
  m_StaticEditorFlags: 0
  m_IsActive: 1
--- !u!4 &4310160346046971
Transform:
  m_GameObject: {fileID: 1227179441922258}
  m_LocalRotation: {x: -0.7071068, y: 0, z: 0, w: 0.7071068}
  m_LocalPosition: {x: -0.003510237, y: -0.01031487, z: -0.04997653}
  m_LocalScale: {x: 1, y: 1, z: 1}
  m_Children: []
  m_Father: {fileID: 4417510362669179}
  m_RootOrder: 1
  m_LocalEulerAnglesHint: {x: -90, y: 0, z: 0}
--- !u!137 &137268395711648515
SkinnedMeshRenderer:
  m_GameObject: {fileID: 1227179441922258}
  m_Enabled: 1
  m_CastShadows: 1
  m_ReceiveShadows: 1
  m_DynamicOccludee: 1
  m_MotionVectors: 1
  m_LightProbeUsage: 0
  m_ReflectionProbeUsage: 1
  m_Materials:
  - {fileID: 2100000, guid: 6289c4fc9649c5545a2266ded720d3dd, type: 2}
  m_StaticBatchInfo:
    firstSubMesh: 0
    subMeshCount: 0
  m_StaticBatchRoot: {fileID: 0}
  m_ProbeAnchor: {fileID: 0}
  m_LightProbeVolumeOverride: {fileID: 0}
  m_ScaleInLightmap: 1
  m_PreserveUVs: 0
  m_IgnoreNormalsForChartDetection: 0
  m_ImportantGI: 0
  m_StitchLightmapSeams: 0
  m_SelectedEditorRenderState: 3
  m_MinimumChartSize: 4
  m_AutoUVMaxDistance: 0.5
  m_AutoUVMaxAngle: 89
  m_LightmapParameters: {fileID: 0}
  m_SortingLayerID: 0
  m_SortingLayer: 0
  m_SortingOrder: 0
  serializedVersion: 2
  m_Quality: 0
  m_UpdateWhenOffscreen: 0
  m_skinnedMotionVectors: 0
  m_Mesh: {fileID: 4300000, guid: c84064a272040b941a21258b75b8d981, type: 2}
  m_Bones:
  - {fileID: 4466032824589218}
  - {fileID: 4912994778617809}
  - {fileID: 4757637316610834}
  - {fileID: 4591933138161738}
  - {fileID: 4695978516570723}
  - {fileID: 4789576527867015}
  - {fileID: 4194716724071958}
  - {fileID: 4795865768907904}
  - {fileID: 4889983082802156}
  - {fileID: 4128863540078220}
  - {fileID: 4376107291981352}
  - {fileID: 4666567202713296}
  - {fileID: 4518498031967244}
  - {fileID: 4848140743936282}
  - {fileID: 4373556855911532}
  - {fileID: 4683205540482922}
  - {fileID: 4341937419774464}
  m_BlendShapeWeights: []
  m_RootBone: {fileID: 4466032824589218}
  m_AABB:
    m_Center: {x: -0.3786735, y: 0.3430054, z: 0.003515244}
    m_Extent: {x: 1.090539, y: 0.9453709, z: 1.529077}
  m_DirtyAABB: 0
--- !u!1 &1038254804443525
GameObject:
  serializedVersion: 5
  m_Component:
  - component: {fileID: 4135557289613735}
  m_Layer: 0
  m_Name: Puppet_Pelvis
  m_TagString: Untagged
  m_Icon: {fileID: 0}
  m_NavMeshLayer: 0
  m_StaticEditorFlags: 0
  m_IsActive: 1
--- !u!4 &4135557289613735
Transform:
  m_GameObject: {fileID: 1038254804443525}
  m_LocalRotation: {x: 0.5, y: -0.5, z: -0.5000001, w: 0.5000001}
  m_LocalPosition: {x: 0, y: 0.6630688, z: 0.004297536}
  m_LocalScale: {x: 0.9999998, y: 0.9999999, z: 0.9999999}
  m_Children:
  - {fileID: 4795865768907904}
  - {fileID: 4376107291981352}
  - {fileID: 4949541330974881}
  m_Father: {fileID: 4417510362669179}
  m_RootOrder: 2
  m_LocalEulerAnglesHint: {x: 89.99999, y: 0, z: 90}
--- !u!1 &1798695670294491
GameObject:
  serializedVersion: 5
  m_Component:
  - component: {fileID: 4795865768907904}
  m_Layer: 0
  m_Name: Puppet_L_Thigh
  m_TagString: Untagged
  m_Icon: {fileID: 0}
  m_NavMeshLayer: 0
  m_StaticEditorFlags: 0
  m_IsActive: 1
--- !u!4 &4795865768907904
Transform:
  m_GameObject: {fileID: 1798695670294491}
  m_LocalRotation: {x: -0.05391493, y: 0.9985364, z: -0.004225044, w: -0.0006660569}
  m_LocalPosition: {x: 0.0903632, y: 0.01285546, z: 0.1866923}
  m_LocalScale: {x: 1, y: 1, z: 1}
  m_Children:
  - {fileID: 4128863540078220}
  m_Father: {fileID: 4135557289613735}
  m_RootOrder: 0
  m_LocalEulerAnglesHint: {x: -179.5207, y: 0.102316, z: 173.8192}
--- !u!1 &1282769239648564
GameObject:
  serializedVersion: 5
  m_Component:
  - component: {fileID: 4128863540078220}
  m_Layer: 0
  m_Name: Puppet_L_Calf
  m_TagString: Untagged
  m_Icon: {fileID: 0}
  m_NavMeshLayer: 0
  m_StaticEditorFlags: 0
  m_IsActive: 1
--- !u!4 &4128863540078220
Transform:
  m_GameObject: {fileID: 1282769239648564}
  m_LocalRotation: {x: -0.008654493, y: 0.0004235587, z: 0.1224361, w: 0.9924386}
  m_LocalPosition: {x: -0.2460902, y: -0.0009246096, z: -0.0002991408}
  m_LocalScale: {x: 0.9999999, y: 1, z: 0.9999999}
  m_Children:
  - {fileID: 4889983082802156}
  m_Father: {fileID: 4795865768907904}
  m_RootOrder: 0
  m_LocalEulerAnglesHint: {x: -0.9783421, y: -0.1695933, z: -14.06452}
--- !u!1 &1246546933150710
GameObject:
  serializedVersion: 5
  m_Component:
  - component: {fileID: 4889983082802156}
  m_Layer: 0
  m_Name: Puppet_L_Foot
  m_TagString: Untagged
  m_Icon: {fileID: 0}
  m_NavMeshLayer: 0
  m_StaticEditorFlags: 0
  m_IsActive: 1
--- !u!4 &4889983082802156
Transform:
  m_GameObject: {fileID: 1246546933150710}
  m_LocalRotation: {x: 0.0009180905, y: 0.0001390168, z: -0.5549173, w: 0.831905}
  m_LocalPosition: {x: -0.274832, y: -1.010485E-07, z: 7.450581E-08}
  m_LocalScale: {x: 0.9999996, y: 0.9999999, z: 1}
  m_Children: []
  m_Father: {fileID: 4128863540078220}
  m_RootOrder: 0
  m_LocalEulerAnglesHint: {x: 0.07868109, y: -0.0716327, z: 67.41002}
--- !u!1 &1428793631211497
GameObject:
  serializedVersion: 5
  m_Component:
  - component: {fileID: 4376107291981352}
  m_Layer: 0
  m_Name: Puppet_R_Thigh
  m_TagString: Untagged
  m_Icon: {fileID: 0}
  m_NavMeshLayer: 0
  m_StaticEditorFlags: 0
  m_IsActive: 1
--- !u!4 &4376107291981352
Transform:
  m_GameObject: {fileID: 1428793631211497}
  m_LocalRotation: {x: -0.05391598, y: 0.9985363, z: 0.004225515, w: 0.0006656665}
  m_LocalPosition: {x: 0.09036332, y: 0.01285557, z: -0.1866922}
  m_LocalScale: {x: 1, y: 1, z: 1}
  m_Children:
  - {fileID: 4518498031967244}
  m_Father: {fileID: 4135557289613735}
  m_RootOrder: 1
  m_LocalEulerAnglesHint: {x: 179.5206, y: -0.1022747, z: 173.8191}
--- !u!1 &1764507194632028
GameObject:
  serializedVersion: 5
  m_Component:
  - component: {fileID: 4518498031967244}
  m_Layer: 0
  m_Name: Puppet_R_Calf
  m_TagString: Untagged
  m_Icon: {fileID: 0}
  m_NavMeshLayer: 0
  m_StaticEditorFlags: 0
  m_IsActive: 1
--- !u!4 &4518498031967244
Transform:
  m_GameObject: {fileID: 1764507194632028}
  m_LocalRotation: {x: 0.008654825, y: -0.0004240455, z: 0.1224373, w: 0.9924384}
  m_LocalPosition: {x: -0.2460903, y: -0.0009250194, z: 0.0002992153}
  m_LocalScale: {x: 1, y: 1, z: 0.9999999}
  m_Children:
  - {fileID: 4666567202713296}
  m_Father: {fileID: 4376107291981352}
  m_RootOrder: 0
  m_LocalEulerAnglesHint: {x: 0.9783729, y: 0.1696545, z: -14.06465}
--- !u!1 &1036551813173747
GameObject:
  serializedVersion: 5
  m_Component:
  - component: {fileID: 4666567202713296}
  m_Layer: 0
  m_Name: Puppet_R_Foot
  m_TagString: Untagged
  m_Icon: {fileID: 0}
  m_NavMeshLayer: 0
  m_StaticEditorFlags: 0
  m_IsActive: 1
--- !u!4 &4666567202713296
Transform:
  m_GameObject: {fileID: 1036551813173747}
  m_LocalRotation: {x: -0.0009208456, y: -0.0001424401, z: -0.5547739, w: 0.8320007}
  m_LocalPosition: {x: -0.2748321, y: 2.654269E-08, z: 2.384186E-07}
  m_LocalScale: {x: 0.9999999, y: 1, z: 1}
  m_Children: []
  m_Father: {fileID: 4518498031967244}
  m_RootOrder: 0
  m_LocalEulerAnglesHint: {x: -0.07873847, y: 0.07212066, z: 67.39027}
--- !u!1 &1334823895739095
GameObject:
  serializedVersion: 5
  m_Component:
  - component: {fileID: 4949541330974881}
  m_Layer: 0
  m_Name: Puppet_Spine
  m_TagString: Untagged
  m_Icon: {fileID: 0}
  m_NavMeshLayer: 0
  m_StaticEditorFlags: 0
  m_IsActive: 1
--- !u!4 &4949541330974881
Transform:
  m_GameObject: {fileID: 1334823895739095}
  m_LocalRotation: {x: 3.322743E-07, y: -2.533198E-07, z: -2.980233E-08, w: 1}
  m_LocalPosition: {x: 0.09193844, y: -4.563481E-08, z: 2.739979E-08}
  m_LocalScale: {x: 0.9999999, y: 0.9999999, z: 1}
  m_Children:
  - {fileID: 4466032824589218}
  m_Father: {fileID: 4135557289613735}
  m_RootOrder: 2
  m_LocalEulerAnglesHint: {x: 3.807584E-05, y: 2.902831E-05, z: 3.415105E-06}
--- !u!1 &1065459267128180
GameObject:
  serializedVersion: 5
  m_Component:
  - component: {fileID: 4466032824589218}
  m_Layer: 0
  m_Name: Puppet_Head
  m_TagString: Untagged
  m_Icon: {fileID: 0}
  m_NavMeshLayer: 0
  m_StaticEditorFlags: 0
  m_IsActive: 1
--- !u!4 &4466032824589218
Transform:
  m_GameObject: {fileID: 1065459267128180}
  m_LocalRotation: {x: -3.145184E-07, y: -2.98023E-08, z: 4.960915E-10, w: 1}
  m_LocalPosition: {x: -0.01822728, y: -1.396984E-09, z: 8.70007E-09}
  m_LocalScale: {x: 1, y: 1, z: 0.9999999}
  m_Children:
  - {fileID: 4912994778617809}
  - {fileID: 4695978516570723}
  - {fileID: 4341937419774464}
  - {fileID: 4848140743936282}
  m_Father: {fileID: 4949541330974881}
  m_RootOrder: 0
  m_LocalEulerAnglesHint: {x: -3.604116E-05, y: 3.415092E-06, z: -5.684897E-08}
--- !u!1 &1572601661015366
GameObject:
  serializedVersion: 5
  m_Component:
  - component: {fileID: 4912994778617809}
  m_Layer: 0
  m_Name: Puppet_Hat
  m_TagString: Untagged
  m_Icon: {fileID: 0}
  m_NavMeshLayer: 0
  m_StaticEditorFlags: 0
  m_IsActive: 1
--- !u!4 &4912994778617809
Transform:
  m_GameObject: {fileID: 1572601661015366}
  m_LocalRotation: {x: -2.738089E-07, y: 5.960465E-08, z: -2.421436E-08, w: 1}
  m_LocalPosition: {x: -0.710872, y: -2.682209E-07, z: 2.801059E-07}
  m_LocalScale: {x: 1, y: 0.9999999, z: 0.9999998}
  m_Children: []
  m_Father: {fileID: 4466032824589218}
  m_RootOrder: 0
  m_LocalEulerAnglesHint: {x: -3.137618E-05, y: -6.830189E-06, z: 2.774763E-06}
--- !u!1 &1788481346270003
GameObject:
  serializedVersion: 5
  m_Component:
  - component: {fileID: 4695978516570723}
  m_Layer: 0
  m_Name: Puppet_L_UpperArm
  m_TagString: Untagged
  m_Icon: {fileID: 0}
  m_NavMeshLayer: 0
  m_StaticEditorFlags: 0
  m_IsActive: 1
--- !u!4 &4695978516570723
Transform:
  m_GameObject: {fileID: 1788481346270003}
  m_LocalRotation: {x: -0.1746217, y: 0.6863586, z: -0.1721649, w: 0.6846739}
  m_LocalPosition: {x: -0.3053637, y: 0.03068691, z: 0.9117441}
  m_LocalScale: {x: 1, y: 1, z: 1}
  m_Children:
  - {fileID: 4789576527867015}
  m_Father: {fileID: 4466032824589218}
  m_RootOrder: 1
  m_LocalEulerAnglesHint: {x: -90.38102, y: -61.61056, z: 90.17567}
--- !u!1 &1721139121874079
GameObject:
  serializedVersion: 5
  m_Component:
  - component: {fileID: 4789576527867015}
  m_Layer: 0
  m_Name: Puppet_L_Forearm
  m_TagString: Untagged
  m_Icon: {fileID: 0}
  m_NavMeshLayer: 0
  m_StaticEditorFlags: 0
  m_IsActive: 1
--- !u!4 &4789576527867015
Transform:
  m_GameObject: {fileID: 1721139121874079}
  m_LocalRotation: {x: 0.007124353, y: -0.00338892, z: -0.4543871, w: 0.8907694}
  m_LocalPosition: {x: -0.545869, y: 5.960464E-08, z: -5.960464E-08}
  m_LocalScale: {x: 0.9999998, y: 0.9999997, z: 1}
  m_Children:
  - {fileID: 4194716724071958}
  m_Father: {fileID: 4695978516570723}
  m_RootOrder: 0
  m_LocalEulerAnglesHint: {x: 0.9037108, y: -0.02503452, z: 54.05263}
--- !u!1 &1118791569387125
GameObject:
  serializedVersion: 5
  m_Component:
  - component: {fileID: 4194716724071958}
  m_Layer: 0
  m_Name: Puppet_L_Hand
  m_TagString: Untagged
  m_Icon: {fileID: 0}
  m_NavMeshLayer: 0
  m_StaticEditorFlags: 0
  m_IsActive: 1
--- !u!4 &4194716724071958
Transform:
  m_GameObject: {fileID: 1118791569387125}
  m_LocalRotation: {x: -0.0003656673, y: -0.001604442, z: -0.0145602, w: 0.9998927}
  m_LocalPosition: {x: -0.3524571, y: -2.384186E-07, z: -2.980232E-07}
  m_LocalScale: {x: 1, y: 1, z: 1}
  m_Children:
  - {fileID: 4757637316610834}
  m_Father: {fileID: 4789576527867015}
  m_RootOrder: 0
  m_LocalEulerAnglesHint: {x: -0.03922112, y: 0.1844462, z: 1.668474}
--- !u!1 &1904409221461200
GameObject:
  serializedVersion: 5
  m_Component:
  - component: {fileID: 4757637316610834}
  m_Layer: 0
  m_Name: Puppet_Telescope
  m_TagString: Untagged
  m_Icon: {fileID: 0}
  m_NavMeshLayer: 0
  m_StaticEditorFlags: 0
  m_IsActive: 1
--- !u!4 &4757637316610834
Transform:
  m_GameObject: {fileID: 1904409221461200}
  m_LocalRotation: {x: 0.9986599, y: -0.05137054, z: -0.002081763, w: 0.005933692}
  m_LocalPosition: {x: 0.2291132, y: 1.034983, z: -0.1298072}
  m_LocalScale: {x: 1, y: 0.9999999, z: 0.9999997}
  m_Children: []
  m_Father: {fileID: 4194716724071958}
  m_RootOrder: 0
  m_LocalEulerAnglesHint: {x: 179.3087, y: -0.2033037, z: 5.890565}
--- !u!1 &1226275924680668
GameObject:
  serializedVersion: 5
  m_Component:
  - component: {fileID: 4341937419774464}
  m_Layer: 0
  m_Name: Puppet_Pipe
  m_TagString: Untagged
  m_Icon: {fileID: 0}
  m_NavMeshLayer: 0
  m_StaticEditorFlags: 0
  m_IsActive: 1
--- !u!4 &4341937419774464
Transform:
  m_GameObject: {fileID: 1226275924680668}
  m_LocalRotation: {x: -0.1780388, y: 0.8681362, z: 0.09307602, w: -0.4538487}
  m_LocalPosition: {x: -0.3185773, y: 0.4015188, z: -0.06286278}
  m_LocalScale: {x: 1, y: 1, z: 1}
  m_Children: []
  m_Father: {fileID: 4466032824589218}
  m_RootOrder: 2
  m_LocalEulerAnglesHint: {x: 150.4761, y: 49.01337, z: 143.1215}
--- !u!1 &1556599196422091
GameObject:
  serializedVersion: 5
  m_Component:
  - component: {fileID: 4848140743936282}
  m_Layer: 0
  m_Name: Puppet_R_UpperArm
  m_TagString: Untagged
  m_Icon: {fileID: 0}
  m_NavMeshLayer: 0
  m_StaticEditorFlags: 0
  m_IsActive: 1
--- !u!4 &4848140743936282
Transform:
  m_GameObject: {fileID: 1556599196422091}
  m_LocalRotation: {x: 0.1746218, y: -0.6863585, z: -0.172165, w: 0.684674}
  m_LocalPosition: {x: -0.3053637, y: 0.03068693, z: -0.9117442}
  m_LocalScale: {x: 1, y: 1, z: 1}
  m_Children:
  - {fileID: 4373556855911532}
  m_Father: {fileID: 4466032824589218}
  m_RootOrder: 3
  m_LocalEulerAnglesHint: {x: 90.38097, y: 61.61055, z: 90.17562}
--- !u!1 &1609492118907994
GameObject:
  serializedVersion: 5
  m_Component:
  - component: {fileID: 4373556855911532}
  m_Layer: 0
  m_Name: Puppet_R_Forearm
  m_TagString: Untagged
  m_Icon: {fileID: 0}
  m_NavMeshLayer: 0
  m_StaticEditorFlags: 0
  m_IsActive: 1
--- !u!4 &4373556855911532
Transform:
  m_GameObject: {fileID: 1609492118907994}
  m_LocalRotation: {x: -0.007124425, y: 0.003389345, z: -0.4543872, w: 0.8907694}
  m_LocalPosition: {x: -0.5458688, y: 8.940697E-08, z: 5.960464E-08}
  m_LocalScale: {x: 1, y: 0.9999999, z: 1}
  m_Children:
  - {fileID: 4683205540482922}
  m_Father: {fileID: 4848140743936282}
  m_RootOrder: 0
  m_LocalEulerAnglesHint: {x: -0.9037404, y: 0.024995, z: 54.05265}
--- !u!1 &1647430978441789
GameObject:
  serializedVersion: 5
  m_Component:
  - component: {fileID: 4683205540482922}
  m_Layer: 0
  m_Name: Puppet_R_Hand
  m_TagString: Untagged
  m_Icon: {fileID: 0}
  m_NavMeshLayer: 0
  m_StaticEditorFlags: 0
  m_IsActive: 1
--- !u!4 &4683205540482922
Transform:
  m_GameObject: {fileID: 1647430978441789}
  m_LocalRotation: {x: 0.0003659923, y: 0.001604364, z: -0.01455962, w: 0.9998927}
  m_LocalPosition: {x: -0.3524571, y: -2.384186E-07, z: 0}
  m_LocalScale: {x: 0.9999998, y: 0.9999998, z: 0.9999999}
  m_Children:
  - {fileID: 4591933138161738}
  m_Father: {fileID: 4373556855911532}
  m_RootOrder: 0
  m_LocalEulerAnglesHint: {x: 0.0392586, y: -0.1844378, z: 1.668408}
--- !u!1 &1629305373174435
GameObject:
  serializedVersion: 5
  m_Component:
  - component: {fileID: 4591933138161738}
  m_Layer: 0
  m_Name: Puppet_Cane
  m_TagString: Untagged
  m_Icon: {fileID: 0}
  m_NavMeshLayer: 0
  m_StaticEditorFlags: 0
  m_IsActive: 1
--- !u!4 &4591933138161738
Transform:
  m_GameObject: {fileID: 1629305373174435}
  m_LocalRotation: {x: 0.7046873, y: -0.04051194, z: 0.7076319, w: 0.03212089}
  m_LocalPosition: {x: 0.019768, y: 0.1454853, z: -0.1173463}
  m_LocalScale: {x: 1, y: 1, z: 1}
  m_Children: []
  m_Father: {fileID: 4683205540482922}
  m_RootOrder: 0
  m_LocalEulerAnglesHint: {x: -73.60665, y: 89.27943, z: 112.2814}
--- !u!1 &1886857177734374
GameObject:
  serializedVersion: 5
  m_Component:
  - component: {fileID: 4462379210497714}
  m_Layer: 0
  m_Name: Puppet_Root
  m_TagString: Untagged
  m_Icon: {fileID: 0}
  m_NavMeshLayer: 0
  m_StaticEditorFlags: 0
  m_IsActive: 1
--- !u!4 &4462379210497714
Transform:
  m_GameObject: {fileID: 1886857177734374}
  m_LocalRotation: {x: -0.7071068, y: 0, z: 0, w: 0.7071068}
  m_LocalPosition: {x: 0, y: 0, z: 0}
  m_LocalScale: {x: 1, y: 1, z: 1}
  m_Children: []
  m_Father: {fileID: 4417510362669179}
  m_RootOrder: 3
  m_LocalEulerAnglesHint: {x: -90, y: 0, z: 0}
