%YAML 1.1
%TAG !u! tag:unity3d.com,2011:
--- !u!1001 &100100000
Prefab:
  serializedVersion: 2
  m_Modification:
    m_TransformParent: {fileID: 0}
    m_Modifications: []
    m_RemovedComponents: []
  m_ParentPrefab: {fileID: 0}
  m_RootGameObject: {fileID: 1463075801680298}
  m_IsPrefabParent: 1
--- !u!1 &1463075801680298
GameObject:
  serializedVersion: 5
  m_Component:
  - component: {fileID: 4977189628329244}
  - component: {fileID: 111017172804470180}
  - component: {fileID: 114928767468121552}
  - component: {fileID: 82309541757851599}
  - component: {fileID: 114774605824596539}
  - component: {fileID: 114614565707187612}
  m_Layer: 0
  m_Name: CoolDog
  m_TagString: Untagged
  m_Icon: {fileID: 0}
  m_NavMeshLayer: 0
  m_StaticEditorFlags: 0
  m_IsActive: 1
--- !u!4 &4977189628329244
Transform:
  m_GameObject: {fileID: 1463075801680298}
  m_LocalRotation: {x: 0, y: 0, z: 0, w: 1}
  m_LocalPosition: {x: 0, y: 0, z: 0}
  m_LocalScale: {x: 1, y: 1, z: 1}
  m_Children:
  - {fileID: 4696615638827993}
  - {fileID: 4816894342021065}
  - {fileID: 4214980698346780}
  - {fileID: 4910315940134092}
  m_Father: {fileID: 0}
  m_RootOrder: 0
  m_LocalEulerAnglesHint: {x: 0, y: 0, z: 0}
--- !u!111 &111017172804470180
Animation:
  m_GameObject: {fileID: 1463075801680298}
  m_Enabled: 1
  serializedVersion: 3
  m_Animation: {fileID: 0}
  m_Animations:
  - {fileID: 7400000, guid: d93e3df93819db1459ac1823d4ccf2fa, type: 2}
  - {fileID: 7400000, guid: 85ded6a0e02df1d4ab756fcc39047e1c, type: 2}
  - {fileID: 7400000, guid: 316eb1bea4764dd468c42b22089931c9, type: 2}
  - {fileID: 7400000, guid: e84bef836c2ecd54da4577a9ef1eaf8f, type: 2}
  - {fileID: 7400000, guid: 2e0c4e004a66bb84aaee5942cf107dc0, type: 2}
  - {fileID: 7400000, guid: 9a239176375c85f40a4f4f846f435f4c, type: 2}
  - {fileID: 7400000, guid: d57db057cb8641d42a36f78cfdbc042b, type: 2}
  - {fileID: 7400000, guid: 11cc4faff5e3e1c4ebc0e5ebf0cff9ed, type: 2}
  m_WrapMode: 0
  m_PlayAutomatically: 0
  m_AnimatePhysics: 0
  m_CullingType: 1
--- !u!114 &114928767468121552
MonoBehaviour:
  m_GameObject: {fileID: 1463075801680298}
  m_Enabled: 1
  m_EditorHideFlags: 0
  m_Script: {fileID: 11500000, guid: 203ebd45b8aad6940846389310fb33f6, type: 3}
  m_Name:
  m_EditorClassIdentifier:
  SpawnEffect: {fileID: 0}
  SpawnAudio: {fileID: 8300000, guid: e23588ad4e588d04597056470326204f, type: 3}
  SpawnAudioDelaySecs: 0
  Intro: Cool_Intro
  Idle: Cool_Idle
  IntroLength: 2.533333
  hpBar: {fileID: 0}
--- !u!82 &82309541757851599
AudioSource:
  m_GameObject: {fileID: 1463075801680298}
  m_Enabled: 1
  serializedVersion: 4
  OutputAudioMixerGroup: {fileID: 0}
  m_audioClip: {fileID: 0}
  m_PlayOnAwake: 0
  m_Volume: 1
  m_Pitch: 1
  Loop: 0
  Mute: 0
  Spatialize: 0
  SpatializePostEffects: 0
  Priority: 128
  DopplerLevel: 1
  MinDistance: 1
  MaxDistance: 500
  Pan2D: 0
  rolloffMode: 2
  BypassEffects: 0
  BypassListenerEffects: 0
  BypassReverbZones: 0
  rolloffCustomCurve:
    serializedVersion: 2
    m_Curve:
    - serializedVersion: 2
      time: 0
      value: 1
      inSlope: 0
      outSlope: 0
      tangentMode: 0
    - serializedVersion: 2
      time: 1
      value: 1
      inSlope: 0
      outSlope: 0
      tangentMode: 0
    m_PreInfinity: 2
    m_PostInfinity: 2
    m_RotationOrder: 0
  panLevelCustomCurve:
    serializedVersion: 2
    m_Curve:
    - serializedVersion: 2
      time: 0
      value: 0
      inSlope: 0
      outSlope: 0
      tangentMode: 0
    m_PreInfinity: 2
    m_PostInfinity: 2
    m_RotationOrder: 0
  spreadCustomCurve:
    serializedVersion: 2
    m_Curve:
    - serializedVersion: 2
      time: 0
      value: 0
      inSlope: 0
      outSlope: 0
      tangentMode: 0
    m_PreInfinity: 2
    m_PostInfinity: 2
    m_RotationOrder: 0
  reverbZoneMixCustomCurve:
    serializedVersion: 2
    m_Curve:
    - serializedVersion: 2
      time: 0
      value: 1
      inSlope: 0
      outSlope: 0
      tangentMode: 0
    m_PreInfinity: 2
    m_PostInfinity: 2
    m_RotationOrder: 0
--- !u!114 &114774605824596539
MonoBehaviour:
  m_GameObject: {fileID: 1463075801680298}
  m_Enabled: 1
  m_EditorHideFlags: 0
  m_Script: {fileID: 11500000, guid: 816f303b97b032a4d9e1a96b34158d44, type: 3}
  m_Name:
  m_EditorClassIdentifier:
  Tombstone: {fileID: 0}
  Timer: 0
  Idle:
  RemoveTombstone: 0
  DamageDealt: 0
  Flooped: 0
  Crash: 0
--- !u!114 &114614565707187612
MonoBehaviour:
  m_GameObject: {fileID: 1463075801680298}
  m_Enabled: 1
  m_EditorHideFlags: 0
  m_Script: {fileID: 11500000, guid: 9390b1f887e33a34caef2ef05f3f87a5, type: 3}
  m_Name:
  m_EditorClassIdentifier:
  animTarget: {fileID: 0}
  animName:
--- !u!1 &1876331220177402
GameObject:
  serializedVersion: 5
  m_Component:
  - component: {fileID: 4696615638827993}
  - component: {fileID: 137906951872360131}
  m_Layer: 0
  m_Name: CoolDog
  m_TagString: Untagged
  m_Icon: {fileID: 0}
  m_NavMeshLayer: 0
  m_StaticEditorFlags: 0
  m_IsActive: 1
--- !u!4 &4696615638827993
Transform:
  m_GameObject: {fileID: 1876331220177402}
  m_LocalRotation: {x: -0.7071068, y: 0, z: 0, w: 0.7071068}
  m_LocalPosition: {x: -0.0009752512, y: 0, z: 0}
  m_LocalScale: {x: 1, y: 1, z: 1}
  m_Children: []
  m_Father: {fileID: 4977189628329244}
  m_RootOrder: 0
  m_LocalEulerAnglesHint: {x: -90, y: 0, z: 0}
--- !u!137 &137906951872360131
SkinnedMeshRenderer:
  m_GameObject: {fileID: 1876331220177402}
  m_Enabled: 1
  m_CastShadows: 1
  m_ReceiveShadows: 1
  m_DynamicOccludee: 1
  m_MotionVectors: 1
  m_LightProbeUsage: 0
  m_ReflectionProbeUsage: 1
  m_Materials:
  - {fileID: 2100000, guid: 86416d7ccc31e424ea2a64b20d02ac34, type: 2}
  m_StaticBatchInfo:
    firstSubMesh: 0
    subMeshCount: 0
  m_StaticBatchRoot: {fileID: 0}
  m_ProbeAnchor: {fileID: 0}
  m_LightProbeVolumeOverride: {fileID: 0}
  m_ScaleInLightmap: 1
  m_PreserveUVs: 0
  m_IgnoreNormalsForChartDetection: 0
  m_ImportantGI: 0
  m_StitchLightmapSeams: 0
  m_SelectedEditorRenderState: 3
  m_MinimumChartSize: 4
  m_AutoUVMaxDistance: 0.5
  m_AutoUVMaxAngle: 89
  m_LightmapParameters: {fileID: 0}
  m_SortingLayerID: 0
  m_SortingLayer: 0
  m_SortingOrder: 0
  serializedVersion: 2
  m_Quality: 0
  m_UpdateWhenOffscreen: 0
  m_skinnedMotionVectors: 0
  m_Mesh: {fileID: 4300000, guid: fd9815140fe60b142b8a8c783d2e4fc2, type: 2}
  m_Bones:
  - {fileID: 4214980698346780}
  - {fileID: 4241790636248505}
  - {fileID: 4515899127923691}
  - {fileID: 4529073040849476}
  - {fileID: 4791211739535020}
  - {fileID: 4397191403474952}
  - {fileID: 4009058677094820}
  - {fileID: 4400025001714281}
  - {fileID: 4385699138364768}
  - {fileID: 4094856526534824}
  - {fileID: 4138047110028257}
  - {fileID: 4559277442857082}
  - {fileID: 4036878204949373}
  - {fileID: 4714218894128303}
  - {fileID: 4408046321124595}
  - {fileID: 4605341102047356}
  - {fileID: 4090578048588526}
  - {fileID: 4427842280943696}
  - {fileID: 4829597409460911}
  - {fileID: 4574028326586173}
  m_BlendShapeWeights: []
  m_RootBone: {fileID: 4214980698346780}
  m_AABB:
    m_Center: {x: 0.006338298, y: 0.4842541, z: 0.0009796023}
    m_Extent: {x: 0.7041798, y: 1.235522, z: 0.41985}
  m_DirtyAABB: 0
--- !u!1 &1073407384791917
GameObject:
  serializedVersion: 5
  m_Component:
  - component: {fileID: 4816894342021065}
  - component: {fileID: 137595802693333101}
  m_Layer: 0
  m_Name: CoolDog_Outline
  m_TagString: Untagged
  m_Icon: {fileID: 0}
  m_NavMeshLayer: 0
  m_StaticEditorFlags: 0
  m_IsActive: 1
--- !u!4 &4816894342021065
Transform:
  m_GameObject: {fileID: 1073407384791917}
  m_LocalRotation: {x: -0.7071068, y: 0, z: 0, w: 0.7071068}
  m_LocalPosition: {x: -0.0009752512, y: 0, z: 0}
  m_LocalScale: {x: 1, y: 1, z: 1}
  m_Children: []
  m_Father: {fileID: 4977189628329244}
  m_RootOrder: 1
  m_LocalEulerAnglesHint: {x: -90, y: 0, z: 0}
--- !u!137 &137595802693333101
SkinnedMeshRenderer:
  m_GameObject: {fileID: 1073407384791917}
  m_Enabled: 1
  m_CastShadows: 1
  m_ReceiveShadows: 1
  m_DynamicOccludee: 1
  m_MotionVectors: 1
  m_LightProbeUsage: 0
  m_ReflectionProbeUsage: 1
  m_Materials:
  - {fileID: 2100000, guid: 86416d7ccc31e424ea2a64b20d02ac34, type: 2}
  m_StaticBatchInfo:
    firstSubMesh: 0
    subMeshCount: 0
  m_StaticBatchRoot: {fileID: 0}
  m_ProbeAnchor: {fileID: 0}
  m_LightProbeVolumeOverride: {fileID: 0}
  m_ScaleInLightmap: 1
  m_PreserveUVs: 0
  m_IgnoreNormalsForChartDetection: 0
  m_ImportantGI: 0
  m_StitchLightmapSeams: 0
  m_SelectedEditorRenderState: 3
  m_MinimumChartSize: 4
  m_AutoUVMaxDistance: 0.5
  m_AutoUVMaxAngle: 89
  m_LightmapParameters: {fileID: 0}
  m_SortingLayerID: 0
  m_SortingLayer: 0
  m_SortingOrder: 0
  serializedVersion: 2
  m_Quality: 0
  m_UpdateWhenOffscreen: 0
  m_skinnedMotionVectors: 0
  m_Mesh: {fileID: 4300000, guid: 9ccea280f8143b346bd9e7d5390899e1, type: 2}
  m_Bones:
  - {fileID: 4214980698346780}
  - {fileID: 4241790636248505}
  - {fileID: 4529073040849476}
  - {fileID: 4791211739535020}
  - {fileID: 4515899127923691}
  - {fileID: 4397191403474952}
  - {fileID: 4009058677094820}
  - {fileID: 4400025001714281}
  - {fileID: 4385699138364768}
  - {fileID: 4094856526534824}
  - {fileID: 4138047110028257}
  - {fileID: 4559277442857082}
  - {fileID: 4036878204949373}
  - {fileID: 4714218894128303}
  - {fileID: 4408046321124595}
  - {fileID: 4605341102047356}
  - {fileID: 4090578048588526}
  - {fileID: 4427842280943696}
  - {fileID: 4829597409460911}
  - {fileID: 4574028326586173}
  m_BlendShapeWeights: []
  m_RootBone: {fileID: 4214980698346780}
  m_AABB:
    m_Center: {x: 0.003239274, y: 0.7677498, z: 0.0009795427}
    m_Extent: {x: 0.7208123, y: 0.9685822, z: 0.4326547}
  m_DirtyAABB: 0
--- !u!1 &1917991721899668
GameObject:
  serializedVersion: 5
  m_Component:
  - component: {fileID: 4214980698346780}
  m_Layer: 0
  m_Name: Puppet_Pelvis
  m_TagString: Untagged
  m_Icon: {fileID: 0}
  m_NavMeshLayer: 0
  m_StaticEditorFlags: 0
  m_IsActive: 1
--- !u!4 &4214980698346780
Transform:
  m_GameObject: {fileID: 1917991721899668}
  m_LocalRotation: {x: 0.5000001, y: -0.5000001, z: -0.5, w: 0.5}
  m_LocalPosition: {x: 9.947598E-14, y: 0.7193087, z: -0.4846135}
  m_LocalScale: {x: 1, y: 1, z: 1}
  m_Children:
  - {fileID: 4714218894128303}
  - {fileID: 4529073040849476}
  - {fileID: 4241790636248505}
  - {fileID: 4515899127923691}
  m_Father: {fileID: 4977189628329244}
  m_RootOrder: 2
  m_LocalEulerAnglesHint: {x: 90.00001, y: 0, z: 90}
--- !u!1 &1793114503094164
GameObject:
  serializedVersion: 5
  m_Component:
  - component: {fileID: 4714218894128303}
  m_Layer: 0
  m_Name: Puppet_L_BackThigh
  m_TagString: Untagged
  m_Icon: {fileID: 0}
  m_NavMeshLayer: 0
  m_StaticEditorFlags: 0
  m_IsActive: 1
--- !u!4 &4714218894128303
Transform:
  m_GameObject: {fileID: 1793114503094164}
  m_LocalRotation: {x: -0.06362004, y: 0.9974579, z: -0.03207739, w: -0.001110767}
  m_LocalPosition: {x: 0.1794671, y: -0.02078983, z: 0.2936652}
  m_LocalScale: {x: 0.9999999, y: 0.9999998, z: 0.9999998}
  m_Children:
  - {fileID: 4408046321124595}
  m_Father: {fileID: 4214980698346780}
  m_RootOrder: 0
  m_LocalEulerAnglesHint: {x: -176.3391, y: 0.3608178, z: 172.7125}
--- !u!1 &1346353497983003
GameObject:
  serializedVersion: 5
  m_Component:
  - component: {fileID: 4408046321124595}
  m_Layer: 0
  m_Name: Puppet_L_BackCalf
  m_TagString: Untagged
  m_Icon: {fileID: 0}
  m_NavMeshLayer: 0
  m_StaticEditorFlags: 0
  m_IsActive: 1
--- !u!4 &4408046321124595
Transform:
  m_GameObject: {fileID: 1346353497983003}
  m_LocalRotation: {x: -0.04580019, y: 0.01073511, z: 0.07572371, w: 0.9960186}
  m_LocalPosition: {x: -0.2864806, y: 0, z: 2.980232E-08}
  m_LocalScale: {x: 1, y: 1, z: 1}
  m_Children: []
  m_Father: {fileID: 4714218894128303}
  m_RootOrder: 0
  m_LocalEulerAnglesHint: {x: -5.143232, y: -1.622894, z: -8.622362}
--- !u!1 &1723487238617967
GameObject:
  serializedVersion: 5
  m_Component:
  - component: {fileID: 4529073040849476}
  m_Layer: 0
  m_Name: Puppet_R_BackThigh
  m_TagString: Untagged
  m_Icon: {fileID: 0}
  m_NavMeshLayer: 0
  m_StaticEditorFlags: 0
  m_IsActive: 1
--- !u!4 &4529073040849476
Transform:
  m_GameObject: {fileID: 1723487238617967}
  m_LocalRotation: {x: -0.06362039, y: 0.9974579, z: 0.03207741, w: 0.001111091}
  m_LocalPosition: {x: 0.1794671, y: -0.02078983, z: -0.2936651}
  m_LocalScale: {x: 0.9999999, y: 0.9999998, z: 0.9999999}
  m_Children:
  - {fileID: 4094856526534824}
  m_Father: {fileID: 4214980698346780}
  m_RootOrder: 1
  m_LocalEulerAnglesHint: {x: 176.3391, y: -0.3608562, z: 172.7125}
--- !u!1 &1103308547204059
GameObject:
  serializedVersion: 5
  m_Component:
  - component: {fileID: 4094856526534824}
  m_Layer: 0
  m_Name: Puppet_R_BackCalf
  m_TagString: Untagged
  m_Icon: {fileID: 0}
  m_NavMeshLayer: 0
  m_StaticEditorFlags: 0
  m_IsActive: 1
--- !u!4 &4094856526534824
Transform:
  m_GameObject: {fileID: 1103308547204059}
  m_LocalRotation: {x: 0.04579625, y: -0.01068974, z: 0.07573467, w: 0.9960184}
  m_LocalPosition: {x: -0.2864806, y: -5.960464E-08, z: -8.940697E-08}
  m_LocalScale: {x: 1, y: 1, z: 1}
  m_Children: []
  m_Father: {fileID: 4529073040849476}
  m_RootOrder: 0
  m_LocalEulerAnglesHint: {x: 5.143149, y: 1.617737, z: -8.623851}
--- !u!1 &1745825174852348
GameObject:
  serializedVersion: 5
  m_Component:
  - component: {fileID: 4241790636248505}
  m_Layer: 0
  m_Name: Puppet_Spine
  m_TagString: Untagged
  m_Icon: {fileID: 0}
  m_NavMeshLayer: 0
  m_StaticEditorFlags: 0
  m_IsActive: 1
--- !u!4 &4241790636248505
Transform:
  m_GameObject: {fileID: 1745825174852348}
  m_LocalRotation: {x: -4.587423E-08, y: -9.811055E-08, z: -0.7071069, w: 0.7071068}
  m_LocalPosition: {x: 0, y: 0.2271076, z: -3.94764E-08}
  m_LocalScale: {x: 0.9999999, y: 1, z: 0.9999999}
  m_Children:
  - {fileID: 4791211739535020}
  m_Father: {fileID: 4214980698346780}
  m_RootOrder: 2
  m_LocalEulerAnglesHint: {x: 4.23263E-06, y: 1.166687E-05, z: 90.00001}
--- !u!1 &1349409614896355
GameObject:
  serializedVersion: 5
  m_Component:
  - component: {fileID: 4791211739535020}
  m_Layer: 0
  m_Name: Puppet_Spine1
  m_TagString: Untagged
  m_Icon: {fileID: 0}
  m_NavMeshLayer: 0
  m_StaticEditorFlags: 0
  m_IsActive: 1
--- !u!4 &4791211739535020
Transform:
  m_GameObject: {fileID: 1349409614896355}
  m_LocalRotation: {x: -1.317258E-08, y: 1.271421E-07, z: 0.7071068, w: 0.7071068}
  m_LocalPosition: {x: -0.4090227, y: -5.960464E-08, z: 1.218971E-08}
  m_LocalScale: {x: 0.9999999, y: 0.9999999, z: 1}
  m_Children:
  - {fileID: 4605341102047356}
  - {fileID: 4397191403474952}
  - {fileID: 4138047110028257}
  m_Father: {fileID: 4241790636248505}
  m_RootOrder: 0
  m_LocalEulerAnglesHint: {x: 9.234775E-06, y: -1.136948E-05, z: -90}
--- !u!1 &1539071887447908
GameObject:
  serializedVersion: 5
  m_Component:
  - component: {fileID: 4605341102047356}
  m_Layer: 0
  m_Name: Puppet_L_FrontThigh
  m_TagString: Untagged
  m_Icon: {fileID: 0}
  m_NavMeshLayer: 0
  m_StaticEditorFlags: 0
  m_IsActive: 1
--- !u!4 &4605341102047356
Transform:
  m_GameObject: {fileID: 1539071887447908}
  m_LocalRotation: {x: -0.03734172, y: 0.9987801, z: -0.0322188, w: -0.002441862}
  m_LocalPosition: {x: 0.2237008, y: 0.1610524, z: 0.2782884}
  m_LocalScale: {x: 0.9999999, y: 0.9999999, z: 0.9999999}
  m_Children:
  - {fileID: 4090578048588526}
  m_Father: {fileID: 4791211739535020}
  m_RootOrder: 0
  m_LocalEulerAnglesHint: {x: -176.3203, y: 0.4173448, z: 175.7311}
--- !u!1 &1079133397006447
GameObject:
  serializedVersion: 5
  m_Component:
  - component: {fileID: 4090578048588526}
  m_Layer: 0
  m_Name: Puppet_L_FrontCalf
  m_TagString: Untagged
  m_Icon: {fileID: 0}
  m_NavMeshLayer: 0
  m_StaticEditorFlags: 0
  m_IsActive: 1
--- !u!4 &4090578048588526
Transform:
  m_GameObject: {fileID: 1079133397006447}
  m_LocalRotation: {x: -0.04539507, y: 0.0107307, z: 0.07286419, w: 0.9962505}
  m_LocalPosition: {x: -0.2536529, y: 5.960464E-08, z: 0}
  m_LocalScale: {x: 1, y: 1, z: 1}
  m_Children: []
  m_Father: {fileID: 4605341102047356}
  m_RootOrder: 0
  m_LocalEulerAnglesHint: {x: -5.101524, y: -1.604278, z: -8.294677}
--- !u!1 &1742267169856801
GameObject:
  serializedVersion: 5
  m_Component:
  - component: {fileID: 4397191403474952}
  m_Layer: 0
  m_Name: Puppet_Neck
  m_TagString: Untagged
  m_Icon: {fileID: 0}
  m_NavMeshLayer: 0
  m_StaticEditorFlags: 0
  m_IsActive: 1
--- !u!4 &4397191403474952
Transform:
  m_GameObject: {fileID: 1742267169856801}
  m_LocalRotation: {x: 6.143774E-08, y: -1.188916E-08, z: -0.5431781, w: 0.8396175}
  m_LocalPosition: {x: -0.09358591, y: 0.2757636, z: -4.922084E-08}
  m_LocalScale: {x: 1, y: 1, z: 1}
  m_Children:
  - {fileID: 4009058677094820}
  m_Father: {fileID: 4791211739535020}
  m_RootOrder: 1
  m_LocalEulerAnglesHint: {x: 6.651138E-06, y: -2.680215E-06, z: 65.80051}
--- !u!1 &1404341677814154
GameObject:
  serializedVersion: 5
  m_Component:
  - component: {fileID: 4009058677094820}
  m_Layer: 0
  m_Name: Puppet_Head
  m_TagString: Untagged
  m_Icon: {fileID: 0}
  m_NavMeshLayer: 0
  m_StaticEditorFlags: 0
  m_IsActive: 1
--- !u!4 &4009058677094820
Transform:
  m_GameObject: {fileID: 1404341677814154}
  m_LocalRotation: {x: -7.77968E-09, y: 7.468989E-09, z: -0.1545522, w: 0.9879847}
  m_LocalPosition: {x: -0.1930984, y: -0.05962688, z: -4.057861E-08}
  m_LocalScale: {x: 1, y: 1, z: 1}
  m_Children:
  - {fileID: 4385699138364768}
  - {fileID: 4427842280943696}
  - {fileID: 4036878204949373}
  - {fileID: 4400025001714281}
  - {fileID: 4829597409460911}
  m_Father: {fileID: 4397191403474952}
  m_RootOrder: 0
  m_LocalEulerAnglesHint: {x: -1.013053E-06, y: -7.078182E-07, z: 17.78165}
--- !u!1 &1816851740675858
GameObject:
  serializedVersion: 5
  m_Component:
  - component: {fileID: 4385699138364768}
  m_Layer: 0
  m_Name: Puppet_Jaw
  m_TagString: Untagged
  m_Icon: {fileID: 0}
  m_NavMeshLayer: 0
  m_StaticEditorFlags: 0
  m_IsActive: 1
--- !u!4 &4385699138364768
Transform:
  m_GameObject: {fileID: 1816851740675858}
  m_LocalRotation: {x: 1.156104E-07, y: -1.248676E-07, z: -0.3179971, w: 0.9480917}
  m_LocalPosition: {x: -0.101447, y: 0.06413525, z: -2.131979E-08}
  m_LocalScale: {x: 0.9999994, y: 0.9999996, z: 0.9999996}
  m_Children: []
  m_Father: {fileID: 4009058677094820}
  m_RootOrder: 0
  m_LocalEulerAnglesHint: {x: 1.711044E-05, y: 9.353217E-06, z: 37.08368}
--- !u!1 &1827552826188141
GameObject:
  serializedVersion: 5
  m_Component:
  - component: {fileID: 4427842280943696}
  m_Layer: 0
  m_Name: Puppet_L_Ear
  m_TagString: Untagged
  m_Icon: {fileID: 0}
  m_NavMeshLayer: 0
  m_StaticEditorFlags: 0
  m_IsActive: 1
--- !u!4 &4427842280943696
Transform:
  m_GameObject: {fileID: 1827552826188141}
  m_LocalRotation: {x: -0.147522, y: 0.1045859, z: 0.7902244, w: 0.5855291}
  m_LocalPosition: {x: -0.1404352, y: -0.1645641, z: 0.1864012}
  m_LocalScale: {x: 0.9999995, y: 0.9999995, z: 0.9999995}
  m_Children: []
  m_Father: {fileID: 4009058677094820}
  m_RootOrder: 1
  m_LocalEulerAnglesHint: {x: -0.4575823, y: -20.83189, z: -106.8415}
--- !u!1 &1719065322408119
GameObject:
  serializedVersion: 5
  m_Component:
  - component: {fileID: 4036878204949373}
  m_Layer: 0
  m_Name: Puppet_R_Ear
  m_TagString: Untagged
  m_Icon: {fileID: 0}
  m_NavMeshLayer: 0
  m_StaticEditorFlags: 0
  m_IsActive: 1
--- !u!4 &4036878204949373
Transform:
  m_GameObject: {fileID: 1719065322408119}
  m_LocalRotation: {x: 0.147522, y: -0.104586, z: 0.7902244, w: 0.5855292}
  m_LocalPosition: {x: -0.140435, y: -0.1645641, z: -0.1864014}
  m_LocalScale: {x: 1, y: 1.000001, z: 1}
  m_Children: []
  m_Father: {fileID: 4009058677094820}
  m_RootOrder: 2
  m_LocalEulerAnglesHint: {x: 0.4575758, y: 20.8319, z: -106.8415}
--- !u!1 &1801465989495518
GameObject:
  serializedVersion: 5
  m_Component:
  - component: {fileID: 4400025001714281}
  m_Layer: 0
  m_Name: Puppet_Snout
  m_TagString: Untagged
  m_Icon: {fileID: 0}
  m_NavMeshLayer: 0
  m_StaticEditorFlags: 0
  m_IsActive: 1
--- !u!4 &4400025001714281
Transform:
  m_GameObject: {fileID: 1801465989495518}
  m_LocalRotation: {x: 2.93768E-07, y: -3.224807E-07, z: -0.2673065, w: 0.9636116}
  m_LocalPosition: {x: -0.1982582, y: -0.1071689, z: -5.205924E-08}
  m_LocalScale: {x: 0.9999991, y: 0.9999995, z: 1}
  m_Children: []
  m_Father: {fileID: 4009058677094820}
  m_RootOrder: 3
  m_LocalEulerAnglesHint: {x: 4.23163E-05, y: 2.661045E-05, z: 31.0081}
--- !u!1 &1176425496772518
GameObject:
  serializedVersion: 5
  m_Component:
  - component: {fileID: 4829597409460911}
  m_Layer: 0
  m_Name: Puppet_Tongue
  m_TagString: Untagged
  m_Icon: {fileID: 0}
  m_NavMeshLayer: 0
  m_StaticEditorFlags: 0
  m_IsActive: 1
--- !u!4 &4829597409460911
Transform:
  m_GameObject: {fileID: 1176425496772518}
  m_LocalRotation: {x: -0.01861501, y: -0.06372765, z: -0.2797701, w: 0.9577687}
  m_LocalPosition: {x: -0.2035565, y: 0.05678743, z: -0.177124}
  m_LocalScale: {x: 0.9999993, y: 1, z: 0.9999998}
  m_Children:
  - {fileID: 4574028326586173}
  m_Father: {fileID: 4009058677094820}
  m_RootOrder: 4
  m_LocalEulerAnglesHint: {x: 2.528746E-05, y: 7.61342, z: 32.56681}
--- !u!1 &1581232441993368
GameObject:
  serializedVersion: 5
  m_Component:
  - component: {fileID: 4574028326586173}
  m_Layer: 0
  m_Name: Puppet_Tongue1
  m_TagString: Untagged
  m_Icon: {fileID: 0}
  m_NavMeshLayer: 0
  m_StaticEditorFlags: 0
  m_IsActive: 1
--- !u!4 &4574028326586173
Transform:
  m_GameObject: {fileID: 1581232441993368}
  m_LocalRotation: {x: -8.810272E-08, y: -3.870224E-08, z: -0.4009585, w: 0.9160962}
  m_LocalPosition: {x: -0.1558679, y: 0, z: 4.470348E-08}
  m_LocalScale: {x: 1, y: 1, z: 1}
  m_Children: []
  m_Father: {fileID: 4829597409460911}
  m_RootOrder: 0
  m_LocalEulerAnglesHint: {x: -7.470519E-06, y: 8.110849E-06, z: 47.27623}
--- !u!1 &1577348636154485
GameObject:
  serializedVersion: 5
  m_Component:
  - component: {fileID: 4138047110028257}
  m_Layer: 0
  m_Name: Puppet_R_FrontThigh
  m_TagString: Untagged
  m_Icon: {fileID: 0}
  m_NavMeshLayer: 0
  m_StaticEditorFlags: 0
  m_IsActive: 1
--- !u!4 &4138047110028257
Transform:
  m_GameObject: {fileID: 1577348636154485}
  m_LocalRotation: {x: -0.03734151, y: 0.9987801, z: 0.03221906, w: 0.002439347}
  m_LocalPosition: {x: 0.2237008, y: 0.1610525, z: -0.2782882}
  m_LocalScale: {x: 1, y: 1, z: 1}
  m_Children:
  - {fileID: 4559277442857082}
  m_Father: {fileID: 4791211739535020}
  m_RootOrder: 2
  m_LocalEulerAnglesHint: {x: 176.3203, y: -0.4170573, z: 175.7311}
--- !u!1 &1011991383052026
GameObject:
  serializedVersion: 5
  m_Component:
  - component: {fileID: 4559277442857082}
  m_Layer: 0
  m_Name: Puppet_R_FrontCalf
  m_TagString: Untagged
  m_Icon: {fileID: 0}
  m_NavMeshLayer: 0
  m_StaticEditorFlags: 0
  m_IsActive: 1
--- !u!4 &4559277442857082
Transform:
  m_GameObject: {fileID: 1011991383052026}
  m_LocalRotation: {x: 0.04539556, y: -0.01073584, z: 0.07286338, w: 0.9962505}
  m_LocalPosition: {x: -0.2536528, y: -5.960464E-08, z: -2.980232E-08}
  m_LocalScale: {x: 0.9999999, y: 1, z: 1}
  m_Children: []
  m_Father: {fileID: 4138047110028257}
  m_RootOrder: 0
  m_LocalEulerAnglesHint: {x: 5.10154, y: 1.604865, z: -8.294558}
--- !u!1 &1615356964952169
GameObject:
  serializedVersion: 5
  m_Component:
  - component: {fileID: 4515899127923691}
  m_Layer: 0
  m_Name: Puppet_Tail
  m_TagString: Untagged
  m_Icon: {fileID: 0}
  m_NavMeshLayer: 0
  m_StaticEditorFlags: 0
  m_IsActive: 1
--- !u!4 &4515899127923691
Transform:
  m_GameObject: {fileID: 1615356964952169}
  m_LocalRotation: {x: -4.77415E-08, y: 7.364002E-08, z: 0.4718959, w: 0.8816543}
  m_LocalPosition: {x: -0.1849863, y: -0.09649816, z: 1.413418E-08}
  m_LocalScale: {x: 0.9999999, y: 0.9999999, z: 0.9999995}
  m_Children: []
  m_Father: {fileID: 4214980698346780}
  m_RootOrder: 3
  m_LocalEulerAnglesHint: {x: -8.412251E-07, y: -1.00215E-05, z: -56.31487}
--- !u!1 &1790880487669724
GameObject:
  serializedVersion: 5
  m_Component:
  - component: {fileID: 4910315940134092}
  m_Layer: 0
  m_Name: Puppet_Root
  m_TagString: Untagged
  m_Icon: {fileID: 0}
  m_NavMeshLayer: 0
  m_StaticEditorFlags: 0
  m_IsActive: 1
--- !u!4 &4910315940134092
Transform:
  m_GameObject: {fileID: 1790880487669724}
  m_LocalRotation: {x: 1.545431E-08, y: 0.7071068, z: -1.545431E-08, w: 0.7071068}
  m_LocalPosition: {x: 5.687993E-08, y: 0, z: 0}
  m_LocalScale: {x: 1, y: 1, z: 1}
  m_Children: []
  m_Father: {fileID: 4977189628329244}
  m_RootOrder: 3
  m_LocalEulerAnglesHint: {x: 2.504478E-06, y: -90, z: 0}
