%YAML 1.1
%TAG !u! tag:unity3d.com,2011:
--- !u!1001 &100100000
Prefab:
  serializedVersion: 2
  m_Modification:
    m_TransformParent: {fileID: 0}
    m_Modifications: []
    m_RemovedComponents: []
  m_ParentPrefab: {fileID: 0}
  m_RootGameObject: {fileID: 1078022819938097}
  m_IsPrefabParent: 1
--- !u!1 &1078022819938097
GameObject:
  serializedVersion: 5
  m_Component:
  - component: {fileID: 4013871754183909}
  - component: {fileID: 111026632021714531}
  - component: {fileID: 114567170341335301}
  - component: {fileID: 82636771614028066}
  - component: {fileID: 114316018327351009}
  - component: {fileID: 114443504567039053}
  m_Layer: 0
  m_Name: DjiniGhost
  m_TagString: Untagged
  m_Icon: {fileID: 0}
  m_NavMeshLayer: 0
  m_StaticEditorFlags: 0
  m_IsActive: 1
--- !u!4 &4013871754183909
Transform:
  m_GameObject: {fileID: 1078022819938097}
  m_LocalRotation: {x: 0, y: 0, z: 0, w: 1}
  m_LocalPosition: {x: 0, y: 0, z: 0}
  m_LocalScale: {x: 1, y: 1, z: 1}
  m_Children:
  - {fileID: 4338550138525043}
  - {fileID: 4305318869096372}
  - {fileID: 4477854668741560}
  - {fileID: 4020438748822261}
  - {fileID: 4251288145675715}
  m_Father: {fileID: 0}
  m_RootOrder: 0
  m_LocalEulerAnglesHint: {x: 0, y: 0, z: 0}
--- !u!111 &111026632021714531
Animation:
  m_GameObject: {fileID: 1078022819938097}
  m_Enabled: 1
  serializedVersion: 3
  m_Animation: {fileID: 0}
  m_Animations:
  - {fileID: 7400000, guid: 966797a5d3dd6e04e9ed0b0a27957a9e, type: 2}
  - {fileID: 7400000, guid: 8ae9ba6b108220940a08ae2dc302731a, type: 2}
  - {fileID: 7400000, guid: 316eb1bea4764dd468c42b22089931c9, type: 2}
  - {fileID: 7400000, guid: e84bef836c2ecd54da4577a9ef1eaf8f, type: 2}
  - {fileID: 7400000, guid: 2e0c4e004a66bb84aaee5942cf107dc0, type: 2}
  - {fileID: 7400000, guid: 9a239176375c85f40a4f4f846f435f4c, type: 2}
  - {fileID: 7400000, guid: d57db057cb8641d42a36f78cfdbc042b, type: 2}
  - {fileID: 7400000, guid: 11cc4faff5e3e1c4ebc0e5ebf0cff9ed, type: 2}
  m_WrapMode: 0
  m_PlayAutomatically: 0
  m_AnimatePhysics: 0
  m_CullingType: 1
--- !u!114 &114567170341335301
MonoBehaviour:
  m_GameObject: {fileID: 1078022819938097}
  m_Enabled: 1
  m_EditorHideFlags: 0
  m_Script: {fileID: 11500000, guid: 203ebd45b8aad6940846389310fb33f6, type: 3}
  m_Name:
  m_EditorClassIdentifier:
  SpawnEffect: {fileID: 0}
  SpawnAudio: {fileID: 8300000, guid: ff6bdb00013f8ab49a2d82ae1086de61, type: 3}
  SpawnAudioDelaySecs: 0
  Intro: BlueberryDjini_Intro
  Idle: BlueberryDjini_Idle
  IntroLength: 2.5
  hpBar: {fileID: 0}
--- !u!82 &82636771614028066
AudioSource:
  m_GameObject: {fileID: 1078022819938097}
  m_Enabled: 1
  serializedVersion: 4
  OutputAudioMixerGroup: {fileID: 0}
  m_audioClip: {fileID: 0}
  m_PlayOnAwake: 0
  m_Volume: 1
  m_Pitch: 1
  Loop: 0
  Mute: 0
  Spatialize: 0
  SpatializePostEffects: 0
  Priority: 128
  DopplerLevel: 1
  MinDistance: 1
  MaxDistance: 500
  Pan2D: 0
  rolloffMode: 2
  BypassEffects: 0
  BypassListenerEffects: 0
  BypassReverbZones: 0
  rolloffCustomCurve:
    serializedVersion: 2
    m_Curve:
    - serializedVersion: 2
      time: 0
      value: 1
      inSlope: 0
      outSlope: 0
      tangentMode: 0
    - serializedVersion: 2
      time: 1
      value: 1
      inSlope: 0
      outSlope: 0
      tangentMode: 0
    m_PreInfinity: 2
    m_PostInfinity: 2
    m_RotationOrder: 0
  panLevelCustomCurve:
    serializedVersion: 2
    m_Curve:
    - serializedVersion: 2
      time: 0
      value: 0
      inSlope: 0
      outSlope: 0
      tangentMode: 0
    m_PreInfinity: 2
    m_PostInfinity: 2
    m_RotationOrder: 0
  spreadCustomCurve:
    serializedVersion: 2
    m_Curve:
    - serializedVersion: 2
      time: 0
      value: 0
      inSlope: 0
      outSlope: 0
      tangentMode: 0
    m_PreInfinity: 2
    m_PostInfinity: 2
    m_RotationOrder: 0
  reverbZoneMixCustomCurve:
    serializedVersion: 2
    m_Curve:
    - serializedVersion: 2
      time: 0
      value: 1
      inSlope: 0
      outSlope: 0
      tangentMode: 0
    m_PreInfinity: 2
    m_PostInfinity: 2
    m_RotationOrder: 0
--- !u!114 &114316018327351009
MonoBehaviour:
  m_GameObject: {fileID: 1078022819938097}
  m_Enabled: 1
  m_EditorHideFlags: 0
  m_Script: {fileID: 11500000, guid: 816f303b97b032a4d9e1a96b34158d44, type: 3}
  m_Name:
  m_EditorClassIdentifier:
  Tombstone: {fileID: 0}
  Timer: 0
  Idle:
  RemoveTombstone: 0
  DamageDealt: 0
  Flooped: 0
  Crash: 0
--- !u!114 &114443504567039053
MonoBehaviour:
  m_GameObject: {fileID: 1078022819938097}
  m_Enabled: 1
  m_EditorHideFlags: 0
  m_Script: {fileID: 11500000, guid: 9390b1f887e33a34caef2ef05f3f87a5, type: 3}
  m_Name:
  m_EditorClassIdentifier:
  animTarget: {fileID: 0}
  animName:
--- !u!1 &1641887809640922
GameObject:
  serializedVersion: 5
  m_Component:
  - component: {fileID: 4338550138525043}
  - component: {fileID: 137116906228981821}
  m_Layer: 0
  m_Name: BlueberryDjini
  m_TagString: Untagged
  m_Icon: {fileID: 0}
  m_NavMeshLayer: 0
  m_StaticEditorFlags: 0
  m_IsActive: 1
--- !u!4 &4338550138525043
Transform:
  m_GameObject: {fileID: 1641887809640922}
  m_LocalRotation: {x: -0.7071068, y: 0, z: 0, w: 0.7071068}
  m_LocalPosition: {x: -0.004755923, y: 3.543137, z: -0.2079079}
  m_LocalScale: {x: 1, y: 1, z: 1}
  m_Children: []
  m_Father: {fileID: 4013871754183909}
  m_RootOrder: 0
  m_LocalEulerAnglesHint: {x: -90, y: 0, z: 0}
--- !u!137 &137116906228981821
SkinnedMeshRenderer:
  m_GameObject: {fileID: 1641887809640922}
  m_Enabled: 1
  m_CastShadows: 1
  m_ReceiveShadows: 1
  m_DynamicOccludee: 1
  m_MotionVectors: 1
  m_LightProbeUsage: 0
  m_ReflectionProbeUsage: 1
  m_Materials:
  - {fileID: 2100000, guid: 838e96098dc4d8f46913c994f0c6a0f8, type: 2}
  - {fileID: 2100000, guid: 838e96098dc4d8f46913c994f0c6a0f8, type: 2}
  m_StaticBatchInfo:
    firstSubMesh: 0
    subMeshCount: 0
  m_StaticBatchRoot: {fileID: 0}
  m_ProbeAnchor: {fileID: 0}
  m_LightProbeVolumeOverride: {fileID: 0}
  m_ScaleInLightmap: 1
  m_PreserveUVs: 0
  m_IgnoreNormalsForChartDetection: 0
  m_ImportantGI: 0
  m_StitchLightmapSeams: 0
  m_SelectedEditorRenderState: 3
  m_MinimumChartSize: 4
  m_AutoUVMaxDistance: 0.5
  m_AutoUVMaxAngle: 89
  m_LightmapParameters: {fileID: 0}
  m_SortingLayerID: 0
  m_SortingLayer: 0
  m_SortingOrder: 0
  serializedVersion: 2
  m_Quality: 0
  m_UpdateWhenOffscreen: 0
  m_skinnedMotionVectors: 0
  m_Mesh: {fileID: 4300000, guid: e051dbc11b92c8b47a44f2e08849ac52, type: 2}
  m_Bones:
  - {fileID: 4174102773917514}
  - {fileID: 4725025189487154}
  - {fileID: 4551414552846049}
  - {fileID: 4970956191704741}
  - {fileID: 4164825857593877}
  - {fileID: 4905522577256119}
  - {fileID: 4319337003740008}
  - {fileID: 4696795169837744}
  - {fileID: 4959391245530159}
  - {fileID: 4141567236745713}
  - {fileID: 4196118076421961}
  - {fileID: 4644680958168660}
  - {fileID: 4837496285919453}
  - {fileID: 4364731929706519}
  - {fileID: 4276295310601710}
  - {fileID: 4672372264941428}
  - {fileID: 4628803495118918}
  - {fileID: 4529529906233658}
  - {fileID: 4328905929079596}
  - {fileID: 4188539508886987}
  - {fileID: 4031922178143356}
  m_BlendShapeWeights: []
  m_RootBone: {fileID: 4174102773917514}
  m_AABB:
    m_Center: {x: -14.7435, y: -0.09936714, z: -11.74773}
    m_Extent: {x: 37.9323, y: 28.36241, z: 90.45639}
  m_DirtyAABB: 0
--- !u!1 &1267717425663943
GameObject:
  serializedVersion: 5
  m_Component:
  - component: {fileID: 4305318869096372}
  - component: {fileID: 137172771786222645}
  m_Layer: 0
  m_Name: BlueberryDjini_Outline
  m_TagString: Untagged
  m_Icon: {fileID: 0}
  m_NavMeshLayer: 0
  m_StaticEditorFlags: 0
  m_IsActive: 1
--- !u!4 &4305318869096372
Transform:
  m_GameObject: {fileID: 1267717425663943}
  m_LocalRotation: {x: -0.7071068, y: 0, z: 0, w: 0.7071068}
  m_LocalPosition: {x: -0.004755923, y: 3.543137, z: -0.2079079}
  m_LocalScale: {x: 1, y: 1, z: 1}
  m_Children: []
  m_Father: {fileID: 4013871754183909}
  m_RootOrder: 1
  m_LocalEulerAnglesHint: {x: -90, y: 0, z: 0}
--- !u!137 &137172771786222645
SkinnedMeshRenderer:
  m_GameObject: {fileID: 1267717425663943}
  m_Enabled: 1
  m_CastShadows: 1
  m_ReceiveShadows: 1
  m_DynamicOccludee: 1
  m_MotionVectors: 1
  m_LightProbeUsage: 0
  m_ReflectionProbeUsage: 1
  m_Materials:
  - {fileID: 2100000, guid: 838e96098dc4d8f46913c994f0c6a0f8, type: 2}
  - {fileID: 2100000, guid: 838e96098dc4d8f46913c994f0c6a0f8, type: 2}
  m_StaticBatchInfo:
    firstSubMesh: 0
    subMeshCount: 0
  m_StaticBatchRoot: {fileID: 0}
  m_ProbeAnchor: {fileID: 0}
  m_LightProbeVolumeOverride: {fileID: 0}
  m_ScaleInLightmap: 1
  m_PreserveUVs: 0
  m_IgnoreNormalsForChartDetection: 0
  m_ImportantGI: 0
  m_StitchLightmapSeams: 0
  m_SelectedEditorRenderState: 3
  m_MinimumChartSize: 4
  m_AutoUVMaxDistance: 0.5
  m_AutoUVMaxAngle: 89
  m_LightmapParameters: {fileID: 0}
  m_SortingLayerID: 0
  m_SortingLayer: 0
  m_SortingOrder: 0
  serializedVersion: 2
  m_Quality: 0
  m_UpdateWhenOffscreen: 0
  m_skinnedMotionVectors: 0
  m_Mesh: {fileID: 4300000, guid: c2c05937f189bed42a1b42ba9552d071, type: 2}
  m_Bones:
  - {fileID: 4174102773917514}
  - {fileID: 4725025189487154}
  - {fileID: 4551414552846049}
  - {fileID: 4970956191704741}
  - {fileID: 4164825857593877}
  - {fileID: 4905522577256119}
  - {fileID: 4319337003740008}
  - {fileID: 4696795169837744}
  - {fileID: 4141567236745713}
  - {fileID: 4959391245530159}
  - {fileID: 4196118076421961}
  - {fileID: 4644680958168660}
  - {fileID: 4837496285919453}
  - {fileID: 4364731929706519}
  - {fileID: 4276295310601710}
  - {fileID: 4672372264941428}
  - {fileID: 4628803495118918}
  - {fileID: 4529529906233658}
  - {fileID: 4328905929079596}
  - {fileID: 4188539508886987}
  - {fileID: 4031922178143356}
  m_BlendShapeWeights: []
  m_RootBone: {fileID: 4174102773917514}
  m_AABB:
    m_Center: {x: -14.7435, y: -0.09936428, z: -11.79069}
    m_Extent: {x: 39.43231, y: 29.82462, z: 91.90945}
  m_DirtyAABB: 0
--- !u!1 &1166535813127398
GameObject:
  serializedVersion: 5
  m_Component:
  - component: {fileID: 4477854668741560}
  - component: {fileID: 137268239116119414}
  m_Layer: 0
  m_Name: BlueberryDjini_Smoke
  m_TagString: Untagged
  m_Icon: {fileID: 0}
  m_NavMeshLayer: 0
  m_StaticEditorFlags: 0
  m_IsActive: 1
--- !u!4 &4477854668741560
Transform:
  m_GameObject: {fileID: 1166535813127398}
  m_LocalRotation: {x: -0.7071068, y: 0, z: 0, w: 0.7071068}
  m_LocalPosition: {x: -2.052336, y: 2.49709, z: -0.1550705}
  m_LocalScale: {x: 1, y: 1, z: 1}
  m_Children: []
  m_Father: {fileID: 4013871754183909}
  m_RootOrder: 2
  m_LocalEulerAnglesHint: {x: -90, y: 0, z: 0}
--- !u!137 &137268239116119414
SkinnedMeshRenderer:
  m_GameObject: {fileID: 1166535813127398}
  m_Enabled: 1
  m_CastShadows: 1
  m_ReceiveShadows: 1
  m_DynamicOccludee: 1
  m_MotionVectors: 1
  m_LightProbeUsage: 0
  m_ReflectionProbeUsage: 1
  m_Materials:
  - {fileID: 2100000, guid: 838e96098dc4d8f46913c994f0c6a0f8, type: 2}
  m_StaticBatchInfo:
    firstSubMesh: 0
    subMeshCount: 0
  m_StaticBatchRoot: {fileID: 0}
  m_ProbeAnchor: {fileID: 0}
  m_LightProbeVolumeOverride: {fileID: 0}
  m_ScaleInLightmap: 1
  m_PreserveUVs: 0
  m_IgnoreNormalsForChartDetection: 0
  m_ImportantGI: 0
  m_StitchLightmapSeams: 0
  m_SelectedEditorRenderState: 3
  m_MinimumChartSize: 4
  m_AutoUVMaxDistance: 0.5
  m_AutoUVMaxAngle: 89
  m_LightmapParameters: {fileID: 0}
  m_SortingLayerID: 0
  m_SortingLayer: 0
  m_SortingOrder: 0
  serializedVersion: 2
  m_Quality: 0
  m_UpdateWhenOffscreen: 0
  m_skinnedMotionVectors: 0
  m_Mesh: {fileID: 4300000, guid: 0f3b1b73358d42d49862e13e290e1d4e, type: 2}
  m_Bones:
  - {fileID: 4329651553484210}
  - {fileID: 4620233148279008}
  - {fileID: 4690709192657415}
  - {fileID: 4122552342204133}
  - {fileID: 4936265890807248}
  - {fileID: 4480627318168008}
  - {fileID: 4906476954098971}
  m_BlendShapeWeights: []
  m_RootBone: {fileID: 4906476954098971}
  m_AABB:
    m_Center: {x: 1.886328, y: 0.01601647, z: -0.4652815}
    m_Extent: {x: 2.440268, y: 0.3375732, z: 0.7407802}
  m_DirtyAABB: 0
--- !u!1 &1012273343321439
GameObject:
  serializedVersion: 5
  m_Component:
  - component: {fileID: 4020438748822261}
  m_Layer: 0
  m_Name: Puppet_Global
  m_TagString: Untagged
  m_Icon: {fileID: 0}
  m_NavMeshLayer: 0
  m_StaticEditorFlags: 0
  m_IsActive: 1
--- !u!4 &4020438748822261
Transform:
  m_GameObject: {fileID: 1012273343321439}
  m_LocalRotation: {x: -0.4975543, y: 0.5025076, z: 0.5024316, w: -0.497482}
  m_LocalPosition: {x: 0, y: 2.891475, z: -0.1620915}
  m_LocalScale: {x: 1, y: 0.9999999, z: 0.9999999}
  m_Children:
  - {fileID: 4319337003740008}
  - {fileID: 4905522577256119}
  - {fileID: 4164825857593877}
  - {fileID: 4970956191704741}
  - {fileID: 4551414552846049}
  - {fileID: 4329651553484210}
  - {fileID: 4620233148279008}
  - {fileID: 4690709192657415}
  - {fileID: 4122552342204133}
  - {fileID: 4936265890807248}
  - {fileID: 4480627318168008}
  - {fileID: 4906476954098971}
  - {fileID: 4644680958168660}
  - {fileID: 4174102773917514}
  m_Father: {fileID: 4013871754183909}
  m_RootOrder: 3
  m_LocalEulerAnglesHint: {x: 90.00849, y: 0.0001662639, z: 90.5674}
--- !u!1 &1094716553096302
GameObject:
  serializedVersion: 5
  m_Component:
  - component: {fileID: 4319337003740008}
  m_Layer: 0
  m_Name: Puppet_BodySmoke01
  m_TagString: Untagged
  m_Icon: {fileID: 0}
  m_NavMeshLayer: 0
  m_StaticEditorFlags: 0
  m_IsActive: 1
--- !u!4 &4319337003740008
Transform:
  m_GameObject: {fileID: 1094716553096302}
  m_LocalRotation: {x: -7.738378E-05, y: 0.004951435, z: -1.249578E-08, w: 0.9999878}
  m_LocalPosition: {x: 3.482317, y: 0.01230204, z: 2.027858}
  m_LocalScale: {x: 0.00999999, y: 0.00999999, z: 0.009999992}
  m_Children: []
  m_Father: {fileID: 4020438748822261}
  m_RootOrder: 0
  m_LocalEulerAnglesHint: {x: -0.008867861, y: -0.5673949, z: 4.53411E-05}
--- !u!1 &1996936775585038
GameObject:
  serializedVersion: 5
  m_Component:
  - component: {fileID: 4905522577256119}
  m_Layer: 0
  m_Name: Puppet_BodySmoke02
  m_TagString: Untagged
  m_Icon: {fileID: 0}
  m_NavMeshLayer: 0
  m_StaticEditorFlags: 0
  m_IsActive: 1
--- !u!4 &4905522577256119
Transform:
  m_GameObject: {fileID: 1996936775585038}
  m_LocalRotation: {x: -7.726458E-05, y: 0.004951435, z: -1.308602E-08, w: 0.9999878}
  m_LocalPosition: {x: 3.507756, y: 0.01230203, z: 2.027606}
  m_LocalScale: {x: 0.00999999, y: 0.00999999, z: 0.009999992}
  m_Children: []
  m_Father: {fileID: 4020438748822261}
  m_RootOrder: 1
  m_LocalEulerAnglesHint: {x: -0.008854201, y: -0.5673949, z: 4.53411E-05}
--- !u!1 &1167895271149743
GameObject:
  serializedVersion: 5
  m_Component:
  - component: {fileID: 4164825857593877}
  m_Layer: 0
  m_Name: Puppet_BodySmoke03
  m_TagString: Untagged
  m_Icon: {fileID: 0}
  m_NavMeshLayer: 0
  m_StaticEditorFlags: 0
  m_IsActive: 1
--- !u!4 &4164825857593877
Transform:
  m_GameObject: {fileID: 1167895271149743}
  m_LocalRotation: {x: -7.738378E-05, y: 0.004951435, z: -1.249578E-08, w: 0.9999878}
  m_LocalPosition: {x: 3.482317, y: 0.01230205, z: 2.027858}
  m_LocalScale: {x: 0.00999999, y: 0.00999999, z: 0.009999992}
  m_Children: []
  m_Father: {fileID: 4020438748822261}
  m_RootOrder: 2
  m_LocalEulerAnglesHint: {x: -0.008867861, y: -0.5673949, z: 4.53411E-05}
--- !u!1 &1837835502960686
GameObject:
  serializedVersion: 5
  m_Component:
  - component: {fileID: 4970956191704741}
  m_Layer: 0
  m_Name: Puppet_BodySmoke04
  m_TagString: Untagged
  m_Icon: {fileID: 0}
  m_NavMeshLayer: 0
  m_StaticEditorFlags: 0
  m_IsActive: 1
--- !u!4 &4970956191704741
Transform:
  m_GameObject: {fileID: 1837835502960686}
  m_LocalRotation: {x: -7.738378E-05, y: 0.004951435, z: -1.249578E-08, w: 0.9999878}
  m_LocalPosition: {x: 3.482317, y: 0.01230204, z: 2.027858}
  m_LocalScale: {x: 0.00999999, y: 0.00999999, z: 0.009999992}
  m_Children: []
  m_Father: {fileID: 4020438748822261}
  m_RootOrder: 3
  m_LocalEulerAnglesHint: {x: -0.008867861, y: -0.5673949, z: 4.53411E-05}
--- !u!1 &1731508895152626
GameObject:
  serializedVersion: 5
  m_Component:
  - component: {fileID: 4551414552846049}
  m_Layer: 0
  m_Name: Puppet_BodySmoke05
  m_TagString: Untagged
  m_Icon: {fileID: 0}
  m_NavMeshLayer: 0
  m_StaticEditorFlags: 0
  m_IsActive: 1
--- !u!4 &4551414552846049
Transform:
  m_GameObject: {fileID: 1731508895152626}
  m_LocalRotation: {x: -7.738378E-05, y: 0.004951435, z: -1.249578E-08, w: 0.9999878}
  m_LocalPosition: {x: 3.482302, y: 0.01229821, z: 2.027858}
  m_LocalScale: {x: 0.00999999, y: 0.00999999, z: 0.009999992}
  m_Children: []
  m_Father: {fileID: 4020438748822261}
  m_RootOrder: 4
  m_LocalEulerAnglesHint: {x: -0.008867861, y: -0.5673949, z: 4.53411E-05}
--- !u!1 &1576969273864672
GameObject:
  serializedVersion: 5
  m_Component:
  - component: {fileID: 4329651553484210}
  m_Layer: 0
  m_Name: Puppet_InitialSmoke01
  m_TagString: Untagged
  m_Icon: {fileID: 0}
  m_NavMeshLayer: 0
  m_StaticEditorFlags: 0
  m_IsActive: 1
--- !u!4 &4329651553484210
Transform:
  m_GameObject: {fileID: 1576969273864672}
  m_LocalRotation: {x: -4.64925E-05, y: 0.004951723, z: 0.006328465, w: 0.9999678}
  m_LocalPosition: {x: 3.448104, y: 0.0122665, z: 1.798011}
  m_LocalScale: {x: 0.009999991, y: 0.009999991, z: 0.009999992}
  m_Children: []
  m_Father: {fileID: 4020438748822261}
  m_RootOrder: 5
  m_LocalEulerAnglesHint: {x: -0.001736627, y: -0.5674503, z: -0.7251938}
--- !u!1 &1306906414692389
GameObject:
  serializedVersion: 5
  m_Component:
  - component: {fileID: 4620233148279008}
  m_Layer: 0
  m_Name: Puppet_InitialSmoke02
  m_TagString: Untagged
  m_Icon: {fileID: 0}
  m_NavMeshLayer: 0
  m_StaticEditorFlags: 0
  m_IsActive: 1
--- !u!4 &4620233148279008
Transform:
  m_GameObject: {fileID: 1306906414692389}
  m_LocalRotation: {x: -7.750293E-05, y: 0.00495145, z: 1.131788E-09, w: 0.9999878}
  m_LocalPosition: {x: 3.441341, y: 0.01226649, z: 1.798078}
  m_LocalScale: {x: 0.009999999, y: 0.01, z: 0.01}
  m_Children: []
  m_Father: {fileID: 4020438748822261}
  m_RootOrder: 6
  m_LocalEulerAnglesHint: {x: -0.008881507, y: -0.5673967, z: 4.384718E-05}
--- !u!1 &1876308366702202
GameObject:
  serializedVersion: 5
  m_Component:
  - component: {fileID: 4690709192657415}
  m_Layer: 0
  m_Name: Puppet_InitialSmoke03
  m_TagString: Untagged
  m_Icon: {fileID: 0}
  m_NavMeshLayer: 0
  m_StaticEditorFlags: 0
  m_IsActive: 1
--- !u!4 &4690709192657415
Transform:
  m_GameObject: {fileID: 1876308366702202}
  m_LocalRotation: {x: -7.749618E-05, y: -0.05407133, z: 4.536799E-06, w: 0.9985371}
  m_LocalPosition: {x: 3.434787, y: 0.0122666, z: 1.798859}
  m_LocalScale: {x: 0.009999998, y: 0.009999997, z: 0.01}
  m_Children: []
  m_Father: {fileID: 4020438748822261}
  m_RootOrder: 7
  m_LocalEulerAnglesHint: {x: -0.008947849, y: 6.199142, z: -0.001005172}
--- !u!1 &1032354395839986
GameObject:
  serializedVersion: 5
  m_Component:
  - component: {fileID: 4122552342204133}
  m_Layer: 0
  m_Name: Puppet_InitialSmoke04
  m_TagString: Untagged
  m_Icon: {fileID: 0}
  m_NavMeshLayer: 0
  m_StaticEditorFlags: 0
  m_IsActive: 1
--- !u!4 &4122552342204133
Transform:
  m_GameObject: {fileID: 1032354395839986}
  m_LocalRotation: {x: 0.0001439197, y: -0.07072733, z: -0.003120549, w: 0.9974908}
  m_LocalPosition: {x: 3.428174, y: 0.01226664, z: 1.799017}
  m_LocalScale: {x: 0.01, y: 0.01, z: 0.01}
  m_Children: []
  m_Father: {fileID: 4020438748822261}
  m_RootOrder: 8
  m_LocalEulerAnglesHint: {x: 0.04216371, y: 8.111435, z: 0.3614765}
--- !u!1 &1328403314747875
GameObject:
  serializedVersion: 5
  m_Component:
  - component: {fileID: 4936265890807248}
  m_Layer: 0
  m_Name: Puppet_InitialSmoke05
  m_TagString: Untagged
  m_Icon: {fileID: 0}
  m_NavMeshLayer: 0
  m_StaticEditorFlags: 0
  m_IsActive: 1
--- !u!4 &4936265890807248
Transform:
  m_GameObject: {fileID: 1328403314747875}
  m_LocalRotation: {x: -7.70011E-05, y: -0.1180141, z: 9.544463E-06, w: 0.993012}
  m_LocalPosition: {x: 3.419574, y: 0.01226677, z: 1.799965}
  m_LocalScale: {x: 0.009999998, y: 0.009999998, z: 0.01}
  m_Children: []
  m_Father: {fileID: 4020438748822261}
  m_RootOrder: 9
  m_LocalEulerAnglesHint: {x: -0.009145844, y: 13.55501, z: -0.002188346}
--- !u!1 &1156024916011321
GameObject:
  serializedVersion: 5
  m_Component:
  - component: {fileID: 4480627318168008}
  m_Layer: 0
  m_Name: Puppet_InitialSmoke06
  m_TagString: Untagged
  m_Icon: {fileID: 0}
  m_NavMeshLayer: 0
  m_StaticEditorFlags: 0
  m_IsActive: 1
--- !u!4 &4480627318168008
Transform:
  m_GameObject: {fileID: 1156024916011321}
  m_LocalRotation: {x: -7.73246E-05, y: -0.08367717, z: 6.833054E-06, w: 0.9964929}
  m_LocalPosition: {x: 3.412404, y: 0.01226652, z: 1.798394}
  m_LocalScale: {x: 0.01, y: 0.01, z: 0.01}
  m_Children: []
  m_Father: {fileID: 4020438748822261}
  m_RootOrder: 10
  m_LocalEulerAnglesHint: {x: -0.009021526, y: 9.599922, z: -0.001543319}
--- !u!1 &1291555804049404
GameObject:
  serializedVersion: 5
  m_Component:
  - component: {fileID: 4906476954098971}
  m_Layer: 0
  m_Name: Puppet_InitialSmoke07
  m_TagString: Untagged
  m_Icon: {fileID: 0}
  m_NavMeshLayer: 0
  m_StaticEditorFlags: 0
  m_IsActive: 1
--- !u!4 &4906476954098971
Transform:
  m_GameObject: {fileID: 1291555804049404}
  m_LocalRotation: {x: 0.001058011, y: -0.1471355, z: -0.007617037, w: 0.9890865}
  m_LocalPosition: {x: 3.403653, y: 0.01226629, z: 1.796914}
  m_LocalScale: {x: 0.01, y: 0.01, z: 0.01}
  m_Children: []
  m_Father: {fileID: 4020438748822261}
  m_RootOrder: 11
  m_LocalEulerAnglesHint: {x: 0.2595811, y: 16.92043, z: 0.9210721}
--- !u!1 &1998134737706148
GameObject:
  serializedVersion: 5
  m_Component:
  - component: {fileID: 4644680958168660}
  m_Layer: 0
  m_Name: Puppet_Lamp
  m_TagString: Untagged
  m_Icon: {fileID: 0}
  m_NavMeshLayer: 0
  m_StaticEditorFlags: 0
  m_IsActive: 1
--- !u!4 &4644680958168660
Transform:
  m_GameObject: {fileID: 1998134737706148}
  m_LocalRotation: {x: -7.726465E-05, y: 0.004951435, z: -2.798699E-08, w: 0.9999878}
  m_LocalPosition: {x: 3.727901, y: 0.01230041, z: 2.025426}
  m_LocalScale: {x: 1, y: 1, z: 1}
  m_Children: []
  m_Father: {fileID: 4020438748822261}
  m_RootOrder: 12
  m_LocalEulerAnglesHint: {x: -0.008854218, y: -0.567395, z: 4.704874E-05}
--- !u!1 &1891833338450535
GameObject:
  serializedVersion: 5
  m_Component:
  - component: {fileID: 4174102773917514}
  m_Layer: 0
  m_Name: Puppet_Pelvis
  m_TagString: Untagged
  m_Icon: {fileID: 0}
  m_NavMeshLayer: 0
  m_StaticEditorFlags: 0
  m_IsActive: 1
--- !u!4 &4174102773917514
Transform:
  m_GameObject: {fileID: 1891833338450535}
  m_LocalRotation: {x: -7.750002E-05, y: 0.004951447, z: -7.668936E-09, w: 0.9999878}
  m_LocalPosition: {x: 3.482317, y: 0.01230204, z: 2.027858}
  m_LocalScale: {x: 0.009999991, y: 0.009999991, z: 0.009999992}
  m_Children:
  - {fileID: 4725025189487154}
  m_Father: {fileID: 4020438748822261}
  m_RootOrder: 13
  m_LocalEulerAnglesHint: {x: -0.008881178, y: -0.5673963, z: 4.485402E-05}
--- !u!1 &1351817329325243
GameObject:
  serializedVersion: 5
  m_Component:
  - component: {fileID: 4725025189487154}
  m_Layer: 0
  m_Name: Puppet_Spine
  m_TagString: Untagged
  m_Icon: {fileID: 0}
  m_NavMeshLayer: 0
  m_StaticEditorFlags: 0
  m_IsActive: 1
--- !u!4 &4725025189487154
Transform:
  m_GameObject: {fileID: 1351817329325243}
  m_LocalRotation: {x: 2.794305E-08, y: -1.365379E-08, z: 0.07078627, w: 0.9974915}
  m_LocalPosition: {x: -0.2538528, y: 0, z: 0}
  m_LocalScale: {x: 1.000001, y: 1.000001, z: 1.000001}
  m_Children:
  - {fileID: 4141567236745713}
  m_Father: {fileID: 4174102773917514}
  m_RootOrder: 0
  m_LocalEulerAnglesHint: {x: 3.083252E-06, y: 1.787344E-06, z: -8.118298}
--- !u!1 &1172960934685879
GameObject:
  serializedVersion: 5
  m_Component:
  - component: {fileID: 4141567236745713}
  m_Layer: 0
  m_Name: Puppet_Spine1
  m_TagString: Untagged
  m_Icon: {fileID: 0}
  m_NavMeshLayer: 0
  m_StaticEditorFlags: 0
  m_IsActive: 1
--- !u!4 &4141567236745713
Transform:
  m_GameObject: {fileID: 1172960934685879}
  m_LocalRotation: {x: -5.62052E-07, y: -1.730741E-07, z: 0.1110321, w: 0.9938169}
  m_LocalPosition: {x: -0.6050491, y: 1.430511E-06, z: 0}
  m_LocalScale: {x: 1, y: 1, z: 1}
  m_Children:
  - {fileID: 4696795169837744}
  - {fileID: 4196118076421961}
  - {fileID: 4959391245530159}
  m_Father: {fileID: 4725025189487154}
  m_RootOrder: 0
  m_LocalEulerAnglesHint: {x: -6.621025E-05, y: 1.255902E-05, z: -12.74963}
--- !u!1 &1103449833283185
GameObject:
  serializedVersion: 5
  m_Component:
  - component: {fileID: 4696795169837744}
  m_Layer: 0
  m_Name: Puppet_Head
  m_TagString: Untagged
  m_Icon: {fileID: 0}
  m_NavMeshLayer: 0
  m_StaticEditorFlags: 0
  m_IsActive: 1
--- !u!4 &4696795169837744
Transform:
  m_GameObject: {fileID: 1103449833283185}
  m_LocalRotation: {x: 4.883914E-07, y: 3.069549E-07, z: -0.3952224, w: 0.9185855}
  m_LocalPosition: {x: -0.5157452, y: -0.007284164, z: 0}
  m_LocalScale: {x: 0.9999998, y: 0.9999997, z: 0.9999999}
  m_Children:
  - {fileID: 4837496285919453}
  m_Father: {fileID: 4141567236745713}
  m_RootOrder: 0
  m_LocalEulerAnglesHint: {x: 3.75074E-05, y: -5.442957E-05, z: 46.55969}
--- !u!1 &1071113812251240
GameObject:
  serializedVersion: 5
  m_Component:
  - component: {fileID: 4837496285919453}
  m_Layer: 0
  m_Name: Puppet_Hair01
  m_TagString: Untagged
  m_Icon: {fileID: 0}
  m_NavMeshLayer: 0
  m_StaticEditorFlags: 0
  m_IsActive: 1
--- !u!4 &4837496285919453
Transform:
  m_GameObject: {fileID: 1071113812251240}
  m_LocalRotation: {x: -0.03977062, y: 0.07755267, z: 0.5403792, w: 0.8368956}
  m_LocalPosition: {x: -0.8606586, y: -0.1724739, z: 0}
  m_LocalScale: {x: 0.9999999, y: 0.9999998, z: 0.9999999}
  m_Children:
  - {fileID: 4364731929706519}
  m_Father: {fileID: 4696795169837744}
  m_RootOrder: 0
  m_LocalEulerAnglesHint: {x: 1.003379, y: -9.950041, z: -65.7876}
--- !u!1 &1926519092878981
GameObject:
  serializedVersion: 5
  m_Component:
  - component: {fileID: 4364731929706519}
  m_Layer: 0
  m_Name: Puppet_Hair02
  m_TagString: Untagged
  m_Icon: {fileID: 0}
  m_NavMeshLayer: 0
  m_StaticEditorFlags: 0
  m_IsActive: 1
--- !u!4 &4364731929706519
Transform:
  m_GameObject: {fileID: 1926519092878981}
  m_LocalRotation: {x: -0.04882773, y: 0.04656793, z: 0.6885924, w: 0.7220027}
  m_LocalPosition: {x: -0.4930544, y: 2.861023E-06, z: 0}
  m_LocalScale: {x: 1, y: 0.9999999, z: 1}
  m_Children:
  - {fileID: 4276295310601710}
  m_Father: {fileID: 4837496285919453}
  m_RootOrder: 0
  m_LocalEulerAnglesHint: {x: -0.3686041, y: -7.729081, z: -87.26147}
--- !u!1 &1021126652577426
GameObject:
  serializedVersion: 5
  m_Component:
  - component: {fileID: 4276295310601710}
  m_Layer: 0
  m_Name: Puppet_Hair03
  m_TagString: Untagged
  m_Icon: {fileID: 0}
  m_NavMeshLayer: 0
  m_StaticEditorFlags: 0
  m_IsActive: 1
--- !u!4 &4276295310601710
Transform:
  m_GameObject: {fileID: 1021126652577426}
  m_LocalRotation: {x: 2.88E-07, y: -1.35721E-07, z: 0.3787654, w: 0.9254927}
  m_LocalPosition: {x: -0.5054054, y: -2.861023E-06, z: -2.288818E-05}
  m_LocalScale: {x: 1, y: 1, z: 1}
  m_Children:
  - {fileID: 4672372264941428}
  m_Father: {fileID: 4364731929706519}
  m_RootOrder: 0
  m_LocalEulerAnglesHint: {x: 2.465271E-05, y: 2.689387E-05, z: -44.51447}
--- !u!1 &1095340907337544
GameObject:
  serializedVersion: 5
  m_Component:
  - component: {fileID: 4672372264941428}
  m_Layer: 0
  m_Name: Puppet_Hair04
  m_TagString: Untagged
  m_Icon: {fileID: 0}
  m_NavMeshLayer: 0
  m_StaticEditorFlags: 0
  m_IsActive: 1
--- !u!4 &4672372264941428
Transform:
  m_GameObject: {fileID: 1095340907337544}
  m_LocalRotation: {x: -0.03362562, y: 0.3603584, z: -0.1069576, w: 0.9260514}
  m_LocalPosition: {x: -0.7148952, y: 0, z: -2.288818E-05}
  m_LocalScale: {x: 0.9999995, y: 0.9999996, z: 0.9999997}
  m_Children: []
  m_Father: {fileID: 4276295310601710}
  m_RootOrder: 0
  m_LocalEulerAnglesHint: {x: -10.69351, y: -41.31725, z: 17.21876}
--- !u!1 &1438761912070680
GameObject:
  serializedVersion: 5
  m_Component:
  - component: {fileID: 4196118076421961}
  m_Layer: 0
  m_Name: Puppet_L_UpperArm
  m_TagString: Untagged
  m_Icon: {fileID: 0}
  m_NavMeshLayer: 0
  m_StaticEditorFlags: 0
  m_IsActive: 1
--- !u!4 &4196118076421961
Transform:
  m_GameObject: {fileID: 1438761912070680}
  m_LocalRotation: {x: -0.3929455, y: 0.9183235, z: 1.380019E-05, w: 0.0477052}
  m_LocalPosition: {x: -0.3227777, y: -0.06342602, z: 0.3653412}
  m_LocalScale: {x: 1, y: 1.000001, z: 1}
  m_Children:
  - {fileID: 4628803495118918}
  m_Father: {fileID: 4141567236745713}
  m_RootOrder: 1
  m_LocalEulerAnglesHint: {x: -177.8446, y: -5.027189, z: 133.5737}
--- !u!1 &1423987721979113
GameObject:
  serializedVersion: 5
  m_Component:
  - component: {fileID: 4628803495118918}
  m_Layer: 0
  m_Name: Puppet_L_Forearm
  m_TagString: Untagged
  m_Icon: {fileID: 0}
  m_NavMeshLayer: 0
  m_StaticEditorFlags: 0
  m_IsActive: 1
--- !u!4 &4628803495118918
Transform:
  m_GameObject: {fileID: 1423987721979113}
  m_LocalRotation: {x: 0.01411023, y: 0.8266689, z: -0.01970503, w: 0.5621666}
  m_LocalPosition: {x: -1.227176, y: 0, z: 0}
  m_LocalScale: {x: 0.9999998, y: 1, z: 0.9999997}
  m_Children:
  - {fileID: 4529529906233658}
  m_Father: {fileID: 4196118076421961}
  m_RootOrder: 0
  m_LocalEulerAnglesHint: {x: -177.3935, y: -68.43595, z: -179.817}
--- !u!1 &1797847555294084
GameObject:
  serializedVersion: 5
  m_Component:
  - component: {fileID: 4529529906233658}
  m_Layer: 0
  m_Name: Puppet_L_Hand
  m_TagString: Untagged
  m_Icon: {fileID: 0}
  m_NavMeshLayer: 0
  m_StaticEditorFlags: 0
  m_IsActive: 1
--- !u!4 &4529529906233658
Transform:
  m_GameObject: {fileID: 1797847555294084}
  m_LocalRotation: {x: 0.01248712, y: 0.04371313, z: 0.1555733, w: 0.9867777}
  m_LocalPosition: {x: -1.173592, y: 5.722046E-06, z: 0}
  m_LocalScale: {x: 1, y: 0.9999992, z: 1}
  m_Children: []
  m_Father: {fileID: 4628803495118918}
  m_RootOrder: 0
  m_LocalEulerAnglesHint: {x: 2.199303, y: -4.725666, z: -18.00953}
--- !u!1 &1225601313579428
GameObject:
  serializedVersion: 5
  m_Component:
  - component: {fileID: 4959391245530159}
  m_Layer: 0
  m_Name: Puppet_R_UpperArm
  m_TagString: Untagged
  m_Icon: {fileID: 0}
  m_NavMeshLayer: 0
  m_StaticEditorFlags: 0
  m_IsActive: 1
--- !u!4 &4959391245530159
Transform:
  m_GameObject: {fileID: 1225601313579428}
  m_LocalRotation: {x: -0.420548, y: 0.8959778, z: -0.08461939, w: -0.1149038}
  m_LocalPosition: {x: -0.3227777, y: -0.06342602, z: -0.3653641}
  m_LocalScale: {x: 1, y: 1.000001, z: 1}
  m_Children:
  - {fileID: 4328905929079596}
  m_Father: {fileID: 4141567236745713}
  m_RootOrder: 2
  m_LocalEulerAnglesHint: {x: -176.7192, y: 16.08574, z: 130.1755}
--- !u!1 &1207921119777233
GameObject:
  serializedVersion: 5
  m_Component:
  - component: {fileID: 4328905929079596}
  m_Layer: 0
  m_Name: Puppet_R_Forearm
  m_TagString: Untagged
  m_Icon: {fileID: 0}
  m_NavMeshLayer: 0
  m_StaticEditorFlags: 0
  m_IsActive: 1
--- !u!4 &4328905929079596
Transform:
  m_GameObject: {fileID: 1207921119777233}
  m_LocalRotation: {x: -0.01496163, y: -0.85055, z: -0.0190668, w: 0.5253354}
  m_LocalPosition: {x: -1.227161, y: 1.144409E-05, z: -2.288818E-05}
  m_LocalScale: {x: 0.9999997, y: 0.9999996, z: 0.9999993}
  m_Children:
  - {fileID: 4188539508886987}
  m_Father: {fileID: 4959391245530159}
  m_RootOrder: 0
  m_LocalEulerAnglesHint: {x: 177.86, y: 63.40824, z: -179.3065}
--- !u!1 &1256189096529015
GameObject:
  serializedVersion: 5
  m_Component:
  - component: {fileID: 4188539508886987}
  m_Layer: 0
  m_Name: Puppet_R_Hand
  m_TagString: Untagged
  m_Icon: {fileID: 0}
  m_NavMeshLayer: 0
  m_StaticEditorFlags: 0
  m_IsActive: 1
--- !u!4 &4188539508886987
Transform:
  m_GameObject: {fileID: 1256189096529015}
  m_LocalRotation: {x: 0.6199954, y: -0.02499204, z: 0.04081087, w: 0.7831447}
  m_LocalPosition: {x: -1.173592, y: 0, z: 0}
  m_LocalScale: {x: 1, y: 1, z: 0.9999998}
  m_Children:
  - {fileID: 4031922178143356}
  m_Father: {fileID: 4328905929079596}
  m_RootOrder: 0
  m_LocalEulerAnglesHint: {x: 76.65029, y: 5.149217, z: -1.89484}
--- !u!1 &1305150325277326
GameObject:
  serializedVersion: 5
  m_Component:
  - component: {fileID: 4031922178143356}
  m_Layer: 0
  m_Name: Puppet_JuiceBox
  m_TagString: Untagged
  m_Icon: {fileID: 0}
  m_NavMeshLayer: 0
  m_StaticEditorFlags: 0
  m_IsActive: 1
--- !u!4 &4031922178143356
Transform:
  m_GameObject: {fileID: 1305150325277326}
  m_LocalRotation: {x: -0.006023374, y: -0.7070811, z: -0.006023374, w: 0.7070811}
  m_LocalPosition: {x: -0.1317902, y: -0.09332371, z: -0.02264214}
  m_LocalScale: {x: 1, y: 0.9999998, z: 0.9999998}
  m_Children: []
  m_Father: {fileID: 4188539508886987}
  m_RootOrder: 0
  m_LocalEulerAnglesHint: {x: -0.9761413, y: 90, z: 0}
--- !u!1 &1623658241844924
GameObject:
  serializedVersion: 5
  m_Component:
  - component: {fileID: 4251288145675715}
  m_Layer: 0
  m_Name: Puppet_Root
  m_TagString: Untagged
  m_Icon: {fileID: 0}
  m_NavMeshLayer: 0
  m_StaticEditorFlags: 0
  m_IsActive: 1
--- !u!4 &4251288145675715
Transform:
  m_GameObject: {fileID: 1623658241844924}
  m_LocalRotation: {x: -0.7071068, y: 0, z: 0, w: 0.7071068}
  m_LocalPosition: {x: 0, y: 0, z: 0}
  m_LocalScale: {x: 1, y: 1, z: 1}
  m_Children: []
  m_Father: {fileID: 4013871754183909}
  m_RootOrder: 4
  m_LocalEulerAnglesHint: {x: -90, y: 0, z: 0}
