%YAML 1.1
%TAG !u! tag:unity3d.com,2011:
--- !u!1001 &100100000
Prefab:
  serializedVersion: 2
  m_Modification:
    m_TransformParent: {fileID: 0}
    m_Modifications: []
    m_RemovedComponents: []
  m_ParentPrefab: {fileID: 0}
  m_RootGameObject: {fileID: 1989316985112793}
  m_IsPrefabParent: 1
--- !u!1 &1989316985112793
GameObject:
  serializedVersion: 5
  m_Component:
  - component: {fileID: 4047047786288440}
  - component: {fileID: 111776368576158065}
  - component: {fileID: 114337555408416400}
  - component: {fileID: 82872526341311269}
  - component: {fileID: 114590671772301506}
  - component: {fileID: 114933456026449255}
  m_Layer: 0
  m_Name: FieldReaper
  m_TagString: Untagged
  m_Icon: {fileID: 0}
  m_NavMeshLayer: 0
  m_StaticEditorFlags: 0
  m_IsActive: 1
--- !u!4 &4047047786288440
Transform:
  m_GameObject: {fileID: 1989316985112793}
  m_LocalRotation: {x: 0, y: 0, z: 0, w: 1}
  m_LocalPosition: {x: 0, y: 0, z: 0}
  m_LocalScale: {x: 1, y: 1, z: 1}
  m_Children:
  - {fileID: 4972608634264011}
  - {fileID: 4412402086324746}
  - {fileID: 4423224868061120}
  - {fileID: 4943802841936523}
  - {fileID: 4150002528704555}
  m_Father: {fileID: 0}
  m_RootOrder: 0
  m_LocalEulerAnglesHint: {x: 0, y: 0, z: 0}
--- !u!111 &111776368576158065
Animation:
  m_GameObject: {fileID: 1989316985112793}
  m_Enabled: 1
  serializedVersion: 3
  m_Animation: {fileID: 0}
  m_Animations:
  - {fileID: 7400000, guid: 6f1a4bcdb5d56294daee8bb408f28f5f, type: 2}
  - {fileID: 7400000, guid: d652e37243f61e74ab87979fd421ddb6, type: 2}
  - {fileID: 7400000, guid: 316eb1bea4764dd468c42b22089931c9, type: 2}
  - {fileID: 7400000, guid: e84bef836c2ecd54da4577a9ef1eaf8f, type: 2}
  - {fileID: 7400000, guid: 2e0c4e004a66bb84aaee5942cf107dc0, type: 2}
  - {fileID: 7400000, guid: 9a239176375c85f40a4f4f846f435f4c, type: 2}
  - {fileID: 7400000, guid: d57db057cb8641d42a36f78cfdbc042b, type: 2}
  - {fileID: 7400000, guid: 11cc4faff5e3e1c4ebc0e5ebf0cff9ed, type: 2}
  m_WrapMode: 0
  m_PlayAutomatically: 0
  m_AnimatePhysics: 0
  m_CullingType: 1
--- !u!114 &114337555408416400
MonoBehaviour:
  m_GameObject: {fileID: 1989316985112793}
  m_Enabled: 1
  m_EditorHideFlags: 0
  m_Script: {fileID: 11500000, guid: 203ebd45b8aad6940846389310fb33f6, type: 3}
  m_Name:
  m_EditorClassIdentifier:
  SpawnEffect: {fileID: 0}
  SpawnAudio: {fileID: 8300000, guid: ebf15db71234f12418dd25d7a1f54409, type: 3}
  SpawnAudioDelaySecs: 0
  Intro: Reaper_Intro
  Idle: Reaper_Idle
  IntroLength: 2.333333
  hpBar: {fileID: 0}
--- !u!82 &82872526341311269
AudioSource:
  m_GameObject: {fileID: 1989316985112793}
  m_Enabled: 1
  serializedVersion: 4
  OutputAudioMixerGroup: {fileID: 0}
  m_audioClip: {fileID: 0}
  m_PlayOnAwake: 0
  m_Volume: 1
  m_Pitch: 1
  Loop: 0
  Mute: 0
  Spatialize: 0
  SpatializePostEffects: 0
  Priority: 128
  DopplerLevel: 1
  MinDistance: 1
  MaxDistance: 500
  Pan2D: 0
  rolloffMode: 0
  BypassEffects: 0
  BypassListenerEffects: 0
  BypassReverbZones: 0
  rolloffCustomCurve:
    serializedVersion: 2
    m_Curve:
    - serializedVersion: 2
      time: 0
      value: 1
      inSlope: 0
      outSlope: 0
      tangentMode: 0
    - serializedVersion: 2
      time: 1
      value: 0
      inSlope: 0
      outSlope: 0
      tangentMode: 0
    m_PreInfinity: 2
    m_PostInfinity: 2
    m_RotationOrder: 0
  panLevelCustomCurve:
    serializedVersion: 2
    m_Curve:
    - serializedVersion: 2
      time: 0
      value: 0
      inSlope: 0
      outSlope: 0
      tangentMode: 0
    m_PreInfinity: 2
    m_PostInfinity: 2
    m_RotationOrder: 0
  spreadCustomCurve:
    serializedVersion: 2
    m_Curve:
    - serializedVersion: 2
      time: 0
      value: 0
      inSlope: 0
      outSlope: 0
      tangentMode: 0
    m_PreInfinity: 2
    m_PostInfinity: 2
    m_RotationOrder: 0
  reverbZoneMixCustomCurve:
    serializedVersion: 2
    m_Curve:
    - serializedVersion: 2
      time: 0
      value: 1
      inSlope: 0
      outSlope: 0
      tangentMode: 0
    m_PreInfinity: 2
    m_PostInfinity: 2
    m_RotationOrder: 0
--- !u!114 &114590671772301506
MonoBehaviour:
  m_GameObject: {fileID: 1989316985112793}
  m_Enabled: 1
  m_EditorHideFlags: 0
  m_Script: {fileID: 11500000, guid: 816f303b97b032a4d9e1a96b34158d44, type: 3}
  m_Name:
  m_EditorClassIdentifier:
  Tombstone: {fileID: 0}
  Timer: 0
  Idle:
  RemoveTombstone: 0
  DamageDealt: 0
  Flooped: 0
  Crash: 0
--- !u!114 &114933456026449255
MonoBehaviour:
  m_GameObject: {fileID: 1989316985112793}
  m_Enabled: 1
  m_EditorHideFlags: 0
  m_Script: {fileID: 11500000, guid: 9390b1f887e33a34caef2ef05f3f87a5, type: 3}
  m_Name:
  m_EditorClassIdentifier:
  animTarget: {fileID: 0}
  animName:
--- !u!1 &1167756876799913
GameObject:
  serializedVersion: 5
  m_Component:
  - component: {fileID: 4972608634264011}
  - component: {fileID: 137490214969119643}
  m_Layer: 0
  m_Name: FieldReaper
  m_TagString: Untagged
  m_Icon: {fileID: 0}
  m_NavMeshLayer: 0
  m_StaticEditorFlags: 0
  m_IsActive: 1
--- !u!4 &4972608634264011
Transform:
  m_GameObject: {fileID: 1167756876799913}
  m_LocalRotation: {x: -0.7071068, y: 0, z: 0, w: 0.7071068}
  m_LocalPosition: {x: -8.075769E-09, y: 8.075769E-09, z: -0.1847521}
  m_LocalScale: {x: 1, y: 1, z: 1}
  m_Children: []
  m_Father: {fileID: 4047047786288440}
  m_RootOrder: 0
  m_LocalEulerAnglesHint: {x: -90, y: 0, z: 0}
--- !u!137 &137490214969119643
SkinnedMeshRenderer:
  m_GameObject: {fileID: 1167756876799913}
  m_Enabled: 1
  m_CastShadows: 1
  m_ReceiveShadows: 1
  m_DynamicOccludee: 1
  m_MotionVectors: 1
  m_LightProbeUsage: 0
  m_ReflectionProbeUsage: 1
  m_Materials:
  - {fileID: 2100000, guid: e560be02e72954049982a419e57aad4e, type: 2}
  m_StaticBatchInfo:
    firstSubMesh: 0
    subMeshCount: 0
  m_StaticBatchRoot: {fileID: 0}
  m_ProbeAnchor: {fileID: 0}
  m_LightProbeVolumeOverride: {fileID: 0}
  m_ScaleInLightmap: 1
  m_PreserveUVs: 0
  m_IgnoreNormalsForChartDetection: 0
  m_ImportantGI: 0
  m_StitchLightmapSeams: 0
  m_SelectedEditorRenderState: 3
  m_MinimumChartSize: 4
  m_AutoUVMaxDistance: 0.5
  m_AutoUVMaxAngle: 89
  m_LightmapParameters: {fileID: 0}
  m_SortingLayerID: 0
  m_SortingLayer: 0
  m_SortingOrder: 0
  serializedVersion: 2
  m_Quality: 0
  m_UpdateWhenOffscreen: 0
  m_skinnedMotionVectors: 0
  m_Mesh: {fileID: 4300000, guid: 285720c396541134db93a5377219766e, type: 2}
  m_Bones:
  - {fileID: 4689418375265296}
  - {fileID: 4066538991137676}
  - {fileID: 4573157525328097}
  - {fileID: 4405146157412480}
  - {fileID: 4546959751400530}
  - {fileID: 4943802841936523}
  - {fileID: 4849478660264165}
  - {fileID: 4522191180423734}
  - {fileID: 4163293451815412}
  - {fileID: 4442375732592603}
  - {fileID: 4169665923156293}
  - {fileID: 4718613550212588}
  - {fileID: 4802835920320946}
  - {fileID: 4214680671586457}
  - {fileID: 4237063499048227}
  - {fileID: 4248422180366643}
  - {fileID: 4378514513401739}
  - {fileID: 4720339141034432}
  - {fileID: 4718847582961606}
  - {fileID: 4878804166176740}
  m_BlendShapeWeights: []
  m_RootBone: {fileID: 4943802841936523}
  m_AABB:
    m_Center: {x: 0.3926663, y: 1.608787, z: -0.852299}
    m_Extent: {x: 4.080923, y: 3.472865, z: 3.288771}
  m_DirtyAABB: 0
--- !u!1 &1957849123002088
GameObject:
  serializedVersion: 5
  m_Component:
  - component: {fileID: 4412402086324746}
  - component: {fileID: 137951684121468481}
  m_Layer: 0
  m_Name: FieldReaper_Alpha
  m_TagString: Untagged
  m_Icon: {fileID: 0}
  m_NavMeshLayer: 0
  m_StaticEditorFlags: 0
  m_IsActive: 1
--- !u!4 &4412402086324746
Transform:
  m_GameObject: {fileID: 1957849123002088}
  m_LocalRotation: {x: -0.7071068, y: 0, z: 0, w: 0.7071068}
  m_LocalPosition: {x: 0, y: 0, z: -0.2487254}
  m_LocalScale: {x: 1, y: 1, z: 1}
  m_Children: []
  m_Father: {fileID: 4047047786288440}
  m_RootOrder: 1
  m_LocalEulerAnglesHint: {x: -90, y: 0, z: 0}
--- !u!137 &137951684121468481
SkinnedMeshRenderer:
  m_GameObject: {fileID: 1957849123002088}
  m_Enabled: 1
  m_CastShadows: 1
  m_ReceiveShadows: 1
  m_DynamicOccludee: 1
  m_MotionVectors: 1
  m_LightProbeUsage: 0
  m_ReflectionProbeUsage: 1
  m_Materials:
  - {fileID: 2100000, guid: e560be02e72954049982a419e57aad4e, type: 2}
  m_StaticBatchInfo:
    firstSubMesh: 0
    subMeshCount: 0
  m_StaticBatchRoot: {fileID: 0}
  m_ProbeAnchor: {fileID: 0}
  m_LightProbeVolumeOverride: {fileID: 0}
  m_ScaleInLightmap: 1
  m_PreserveUVs: 0
  m_IgnoreNormalsForChartDetection: 0
  m_ImportantGI: 0
  m_StitchLightmapSeams: 0
  m_SelectedEditorRenderState: 3
  m_MinimumChartSize: 4
  m_AutoUVMaxDistance: 0.5
  m_AutoUVMaxAngle: 89
  m_LightmapParameters: {fileID: 0}
  m_SortingLayerID: 0
  m_SortingLayer: 0
  m_SortingOrder: 0
  serializedVersion: 2
  m_Quality: 0
  m_UpdateWhenOffscreen: 0
  m_skinnedMotionVectors: 0
  m_Mesh: {fileID: 4300000, guid: 8c74d03c106130f4395786553a96ade7, type: 2}
  m_Bones:
  - {fileID: 4546959751400530}
  - {fileID: 4756030307520229}
  m_BlendShapeWeights: []
  m_RootBone: {fileID: 4546959751400530}
  m_AABB:
    m_Center: {x: -0.490245, y: -0.001027912, z: 0.007213771}
    m_Extent: {x: 0.1690519, y: 0.9240201, z: 0.9456109}
  m_DirtyAABB: 0
--- !u!1 &1686439935620891
GameObject:
  serializedVersion: 5
  m_Component:
  - component: {fileID: 4423224868061120}
  - component: {fileID: 137157404520366619}
  m_Layer: 0
  m_Name: FieldReaper_Outline
  m_TagString: Untagged
  m_Icon: {fileID: 0}
  m_NavMeshLayer: 0
  m_StaticEditorFlags: 0
  m_IsActive: 1
--- !u!4 &4423224868061120
Transform:
  m_GameObject: {fileID: 1686439935620891}
  m_LocalRotation: {x: -0.7071068, y: 0, z: 0, w: 0.7071068}
  m_LocalPosition: {x: -8.075769E-09, y: 8.075769E-09, z: -0.1847521}
  m_LocalScale: {x: 1, y: 1, z: 1}
  m_Children: []
  m_Father: {fileID: 4047047786288440}
  m_RootOrder: 2
  m_LocalEulerAnglesHint: {x: -90, y: 0, z: 0}
--- !u!137 &137157404520366619
SkinnedMeshRenderer:
  m_GameObject: {fileID: 1686439935620891}
  m_Enabled: 1
  m_CastShadows: 1
  m_ReceiveShadows: 1
  m_DynamicOccludee: 1
  m_MotionVectors: 1
  m_LightProbeUsage: 0
  m_ReflectionProbeUsage: 1
  m_Materials:
  - {fileID: 2100000, guid: e560be02e72954049982a419e57aad4e, type: 2}
  m_StaticBatchInfo:
    firstSubMesh: 0
    subMeshCount: 0
  m_StaticBatchRoot: {fileID: 0}
  m_ProbeAnchor: {fileID: 0}
  m_LightProbeVolumeOverride: {fileID: 0}
  m_ScaleInLightmap: 1
  m_PreserveUVs: 0
  m_IgnoreNormalsForChartDetection: 0
  m_ImportantGI: 0
  m_StitchLightmapSeams: 0
  m_SelectedEditorRenderState: 3
  m_MinimumChartSize: 4
  m_AutoUVMaxDistance: 0.5
  m_AutoUVMaxAngle: 89
  m_LightmapParameters: {fileID: 0}
  m_SortingLayerID: 0
  m_SortingLayer: 0
  m_SortingOrder: 0
  serializedVersion: 2
  m_Quality: 0
  m_UpdateWhenOffscreen: 0
  m_skinnedMotionVectors: 0
  m_Mesh: {fileID: 4300000, guid: 94414b28ac113e84e9301be487d24692, type: 2}
  m_Bones:
  - {fileID: 4689418375265296}
  - {fileID: 4066538991137676}
  - {fileID: 4573157525328097}
  - {fileID: 4405146157412480}
  - {fileID: 4546959751400530}
  - {fileID: 4943802841936523}
  - {fileID: 4849478660264165}
  - {fileID: 4522191180423734}
  - {fileID: 4163293451815412}
  - {fileID: 4442375732592603}
  - {fileID: 4169665923156293}
  - {fileID: 4718613550212588}
  - {fileID: 4802835920320946}
  - {fileID: 4214680671586457}
  - {fileID: 4237063499048227}
  - {fileID: 4248422180366643}
  - {fileID: 4378514513401739}
  - {fileID: 4720339141034432}
  - {fileID: 4718847582961606}
  - {fileID: 4878804166176740}
  m_BlendShapeWeights: []
  m_RootBone: {fileID: 4943802841936523}
  m_AABB:
    m_Center: {x: 0.389071, y: 1.6043, z: -0.8490803}
    m_Extent: {x: 4.107297, y: 3.50015, z: 3.319493}
  m_DirtyAABB: 0
--- !u!1 &1994192284304707
GameObject:
  serializedVersion: 5
  m_Component:
  - component: {fileID: 4943802841936523}
  m_Layer: 0
  m_Name: Puppet_Pelvis
  m_TagString: Untagged
  m_Icon: {fileID: 0}
  m_NavMeshLayer: 0
  m_StaticEditorFlags: 0
  m_IsActive: 1
--- !u!4 &4943802841936523
Transform:
  m_GameObject: {fileID: 1994192284304707}
  m_LocalRotation: {x: 0.5000001, y: -0.5000001, z: -0.5, w: 0.5}
  m_LocalPosition: {x: -3.624409E-09, y: 3.738307, z: -0.01603608}
  m_LocalScale: {x: 1, y: 0.9999999, z: 0.9999999}
  m_Children:
  - {fileID: 4163293451815412}
  - {fileID: 4214680671586457}
  - {fileID: 4405146157412480}
  m_Father: {fileID: 4047047786288440}
  m_RootOrder: 3
  m_LocalEulerAnglesHint: {x: 90.00001, y: 0, z: 90}
--- !u!1 &1027312847591388
GameObject:
  serializedVersion: 5
  m_Component:
  - component: {fileID: 4163293451815412}
  m_Layer: 0
  m_Name: Puppet_L_Thigh
  m_TagString: Untagged
  m_Icon: {fileID: 0}
  m_NavMeshLayer: 0
  m_StaticEditorFlags: 0
  m_IsActive: 1
--- !u!4 &4163293451815412
Transform:
  m_GameObject: {fileID: 1027312847591388}
  m_LocalRotation: {x: -0.05859089, y: 0.9961911, z: -0.0457036, w: 0.04562507}
  m_LocalPosition: {x: -0.008411407, y: 0.008240441, z: 0.5329553}
  m_LocalScale: {x: 1, y: 0.9999999, z: 0.9999999}
  m_Children:
  - {fileID: 4849478660264165}
  m_Father: {fileID: 4943802841936523}
  m_RootOrder: 0
  m_LocalEulerAnglesHint: {x: -174.4474, y: -4.907477, z: 173.0299}
--- !u!1 &1756020335490503
GameObject:
  serializedVersion: 5
  m_Component:
  - component: {fileID: 4849478660264165}
  m_Layer: 0
  m_Name: Puppet_L_Calf
  m_TagString: Untagged
  m_Icon: {fileID: 0}
  m_NavMeshLayer: 0
  m_StaticEditorFlags: 0
  m_IsActive: 1
--- !u!4 &4849478660264165
Transform:
  m_GameObject: {fileID: 1756020335490503}
  m_LocalRotation: {x: -0.04678386, y: -0.0012962, z: 0.1362859, w: 0.9895634}
  m_LocalPosition: {x: -2.006415, y: -2.980232E-07, z: 2.384186E-07}
  m_LocalScale: {x: 0.9999999, y: 1, z: 1}
  m_Children:
  - {fileID: 4522191180423734}
  m_Father: {fileID: 4163293451815412}
  m_RootOrder: 0
  m_LocalEulerAnglesHint: {x: -5.333302, y: -0.5836604, z: -15.65608}
--- !u!1 &1348090225021176
GameObject:
  serializedVersion: 5
  m_Component:
  - component: {fileID: 4522191180423734}
  m_Layer: 0
  m_Name: Puppet_L_Foot
  m_TagString: Untagged
  m_Icon: {fileID: 0}
  m_NavMeshLayer: 0
  m_StaticEditorFlags: 0
  m_IsActive: 1
--- !u!4 &4522191180423734
Transform:
  m_GameObject: {fileID: 1348090225021176}
  m_LocalRotation: {x: -0.02336267, y: 0.04468539, z: -0.6476667, w: 0.7602534}
  m_LocalPosition: {x: -1.626407, y: -1.156703E-06, z: -2.980232E-07}
  m_LocalScale: {x: 0.9999999, y: 1, z: 0.9999999}
  m_Children: []
  m_Father: {fileID: 4849478660264165}
  m_RootOrder: 0
  m_LocalEulerAnglesHint: {x: -5.363378, y: -2.159531, z: 80.95711}
--- !u!1 &1795634025010696
GameObject:
  serializedVersion: 5
  m_Component:
  - component: {fileID: 4214680671586457}
  m_Layer: 0
  m_Name: Puppet_R_Thigh
  m_TagString: Untagged
  m_Icon: {fileID: 0}
  m_NavMeshLayer: 0
  m_StaticEditorFlags: 0
  m_IsActive: 1
--- !u!4 &4214680671586457
Transform:
  m_GameObject: {fileID: 1795634025010696}
  m_LocalRotation: {x: -0.05859069, y: 0.9961943, z: 0.04569954, w: -0.04555907}
  m_LocalPosition: {x: -0.008411407, y: 0.008240474, z: -0.5329553}
  m_LocalScale: {x: 0.9999999, y: 1, z: 1}
  m_Children:
  - {fileID: 4718613550212588}
  m_Father: {fileID: 4943802841936523}
  m_RootOrder: 1
  m_LocalEulerAnglesHint: {x: 174.4483, y: 4.899961, z: 173.0304}
--- !u!1 &1526876806740564
GameObject:
  serializedVersion: 5
  m_Component:
  - component: {fileID: 4718613550212588}
  m_Layer: 0
  m_Name: Puppet_R_Calf
  m_TagString: Untagged
  m_Icon: {fileID: 0}
  m_NavMeshLayer: 0
  m_StaticEditorFlags: 0
  m_IsActive: 1
--- !u!4 &4718613550212588
Transform:
  m_GameObject: {fileID: 1526876806740564}
  m_LocalRotation: {x: 0.04676352, y: 0.001441597, z: 0.1363512, w: 0.9895552}
  m_LocalPosition: {x: -2.006415, y: -2.980232E-07, z: -2.384186E-07}
  m_LocalScale: {x: 1, y: 1, z: 0.9999997}
  m_Children:
  - {fileID: 4802835920320946}
  m_Father: {fileID: 4214680671586457}
  m_RootOrder: 0
  m_LocalEulerAnglesHint: {x: 5.333217, y: 0.5672056, z: -15.66439}
--- !u!1 &1018074487664700
GameObject:
  serializedVersion: 5
  m_Component:
  - component: {fileID: 4802835920320946}
  m_Layer: 0
  m_Name: Puppet_R_Foot
  m_TagString: Untagged
  m_Icon: {fileID: 0}
  m_NavMeshLayer: 0
  m_StaticEditorFlags: 0
  m_IsActive: 1
--- !u!4 &4802835920320946
Transform:
  m_GameObject: {fileID: 1018074487664700}
  m_LocalRotation: {x: 0.02340899, y: -0.04476201, z: -0.6477646, w: 0.7601641}
  m_LocalPosition: {x: -1.626407, y: -1.158565E-06, z: 0}
  m_LocalScale: {x: 1, y: 0.9999999, z: 0.9999999}
  m_Children: []
  m_Father: {fileID: 4718613550212588}
  m_RootOrder: 0
  m_LocalEulerAnglesHint: {x: 5.373423, y: 2.162049, z: 80.97261}
--- !u!1 &1254971995391389
GameObject:
  serializedVersion: 5
  m_Component:
  - component: {fileID: 4405146157412480}
  m_Layer: 0
  m_Name: Puppet_Spine
  m_TagString: Untagged
  m_Icon: {fileID: 0}
  m_NavMeshLayer: 0
  m_StaticEditorFlags: 0
  m_IsActive: 1
--- !u!4 &4405146157412480
Transform:
  m_GameObject: {fileID: 1254971995391389}
  m_LocalRotation: {x: 1.56066E-08, y: -2.572846E-11, z: 0.0001434908, w: 1}
  m_LocalPosition: {x: -0.3585782, y: -0.009339383, z: -2.514532E-09}
  m_LocalScale: {x: 1, y: 1, z: 0.9999999}
  m_Children:
  - {fileID: 4066538991137676}
  m_Father: {fileID: 4943802841936523}
  m_RootOrder: 2
  m_LocalEulerAnglesHint: {x: 1.788384E-06, y: 3.204881E-09, z: -0.01644283}
--- !u!1 &1848378699908340
GameObject:
  serializedVersion: 5
  m_Component:
  - component: {fileID: 4066538991137676}
  m_Layer: 0
  m_Name: Puppet_Spine1
  m_TagString: Untagged
  m_Icon: {fileID: 0}
  m_NavMeshLayer: 0
  m_StaticEditorFlags: 0
  m_IsActive: 1
--- !u!4 &4066538991137676
Transform:
  m_GameObject: {fileID: 1848378699908340}
  m_LocalRotation: {x: -6.317787E-08, y: 4.478961E-08, z: 0.0002271309, w: 1}
  m_LocalPosition: {x: -0.7289739, y: 0, z: 8.27046E-09}
  m_LocalScale: {x: 1, y: 0.9999999, z: 1}
  m_Children:
  - {fileID: 4546959751400530}
  - {fileID: 4689418375265296}
  - {fileID: 4442375732592603}
  m_Father: {fileID: 4405146157412480}
  m_RootOrder: 0
  m_LocalEulerAnglesHint: {x: -7.238485E-06, y: -5.134155E-06, z: -0.02602728}
--- !u!1 &1195281559682833
GameObject:
  serializedVersion: 5
  m_Component:
  - component: {fileID: 4546959751400530}
  m_Layer: 0
  m_Name: Puppet_Head
  m_TagString: Untagged
  m_Icon: {fileID: 0}
  m_NavMeshLayer: 0
  m_StaticEditorFlags: 0
  m_IsActive: 1
--- !u!4 &4546959751400530
Transform:
  m_GameObject: {fileID: 1195281559682833}
  m_LocalRotation: {x: 5.314724E-08, y: 1.487505E-08, z: -1.149601E-08, w: 1}
  m_LocalPosition: {x: -1.344636, y: -0.0002302714, z: -1.081818E-07}
  m_LocalScale: {x: 0.9999999, y: 0.9999999, z: 0.9999998}
  m_Children:
  - {fileID: 4756030307520229}
  m_Father: {fileID: 4066538991137676}
  m_RootOrder: 0
  m_LocalEulerAnglesHint: {x: 6.090225E-06, y: -1.704556E-06, z: 1.317346E-06}
--- !u!1 &1782430714581016
GameObject:
  serializedVersion: 5
  m_Component:
  - component: {fileID: 4756030307520229}
  m_Layer: 0
  m_Name: Puppet_HatDangles
  m_TagString: Untagged
  m_Icon: {fileID: 0}
  m_NavMeshLayer: 0
  m_StaticEditorFlags: 0
  m_IsActive: 1
--- !u!4 &4756030307520229
Transform:
  m_GameObject: {fileID: 1782430714581016}
  m_LocalRotation: {x: 1.030272E-08, y: -2.980234E-08, z: -3.245076E-08, w: 1}
  m_LocalPosition: {x: -0.287035, y: 0, z: -5.453177E-08}
  m_LocalScale: {x: 1, y: 1, z: 1}
  m_Children: []
  m_Father: {fileID: 4546959751400530}
  m_RootOrder: 0
  m_LocalEulerAnglesHint: {x: 1.180605E-06, y: 3.415097E-06, z: 3.718584E-06}
--- !u!1 &1830507669483350
GameObject:
  serializedVersion: 5
  m_Component:
  - component: {fileID: 4689418375265296}
  m_Layer: 0
  m_Name: Puppet_L_Clavicle
  m_TagString: Untagged
  m_Icon: {fileID: 0}
  m_NavMeshLayer: 0
  m_StaticEditorFlags: 0
  m_IsActive: 1
--- !u!4 &4689418375265296
Transform:
  m_GameObject: {fileID: 1830507669483350}
  m_LocalRotation: {x: 0.01224284, y: 0.7131755, z: 0.007343687, w: 0.7008402}
  m_LocalPosition: {x: -0.5783772, y: 0.06430338, z: 0.1535715}
  m_LocalScale: {x: 0.9999999, y: 1, z: 1}
  m_Children:
  - {fileID: 4573157525328097}
  m_Father: {fileID: 4066538991137676}
  m_RootOrder: 1
  m_LocalEulerAnglesHint: {x: 122.4006, y: -88.12434, z: -122.0036}
--- !u!1 &1779880562250459
GameObject:
  serializedVersion: 5
  m_Component:
  - component: {fileID: 4573157525328097}
  m_Layer: 0
  m_Name: Puppet_L_UpperArm
  m_TagString: Untagged
  m_Icon: {fileID: 0}
  m_NavMeshLayer: 0
  m_StaticEditorFlags: 0
  m_IsActive: 1
--- !u!4 &4573157525328097
Transform:
  m_GameObject: {fileID: 1779880562250459}
  m_LocalRotation: {x: 0.03346371, y: 0.5075142, z: 0.002537969, w: 0.8609896}
  m_LocalPosition: {x: -1.031973, y: -1.15484E-07, z: 0}
  m_LocalScale: {x: 1, y: 1.000001, z: 1}
  m_Children:
  - {fileID: 4237063499048227}
  m_Father: {fileID: 4689418375265296}
  m_RootOrder: 0
  m_LocalEulerAnglesHint: {x: 7.110117, y: -60.89845, z: -4.520994}
--- !u!1 &1433371120653374
GameObject:
  serializedVersion: 5
  m_Component:
  - component: {fileID: 4237063499048227}
  m_Layer: 0
  m_Name: Puppet_L_Forearm
  m_TagString: Untagged
  m_Icon: {fileID: 0}
  m_NavMeshLayer: 0
  m_StaticEditorFlags: 0
  m_IsActive: 1
--- !u!4 &4237063499048227
Transform:
  m_GameObject: {fileID: 1433371120653374}
  m_LocalRotation: {x: 0.003931583, y: 0.09657885, z: -0.221271, w: 0.9704103}
  m_LocalPosition: {x: -1.166297, y: -1.788139E-07, z: -4.768372E-07}
  m_LocalScale: {x: 1, y: 1, z: 1}
  m_Children:
  - {fileID: 4248422180366643}
  m_Father: {fileID: 4573157525328097}
  m_RootOrder: 0
  m_LocalEulerAnglesHint: {x: -2.049069, y: -10.90506, z: 25.88534}
--- !u!1 &1346493089747764
GameObject:
  serializedVersion: 5
  m_Component:
  - component: {fileID: 4248422180366643}
  m_Layer: 0
  m_Name: Puppet_L_Hand
  m_TagString: Untagged
  m_Icon: {fileID: 0}
  m_NavMeshLayer: 0
  m_StaticEditorFlags: 0
  m_IsActive: 1
--- !u!4 &4248422180366643
Transform:
  m_GameObject: {fileID: 1346493089747764}
  m_LocalRotation: {x: 0.002219408, y: -0.01792874, z: 0.01965428, w: 0.9996436}
  m_LocalPosition: {x: -1.171073, y: -4.768372E-07, z: 2.384186E-07}
  m_LocalScale: {x: 0.9999998, y: 0.9999999, z: 0.9999999}
  m_Children:
  - {fileID: 4378514513401739}
  m_Father: {fileID: 4237063499048227}
  m_RootOrder: 0
  m_LocalEulerAnglesHint: {x: 0.2139941, y: 2.059192, z: -2.248882}
--- !u!1 &1295075573923167
GameObject:
  serializedVersion: 5
  m_Component:
  - component: {fileID: 4378514513401739}
  m_Layer: 0
  m_Name: Puppet_L_Scythe
  m_TagString: Untagged
  m_Icon: {fileID: 0}
  m_NavMeshLayer: 0
  m_StaticEditorFlags: 0
  m_IsActive: 1
--- !u!4 &4378514513401739
Transform:
  m_GameObject: {fileID: 1295075573923167}
  m_LocalRotation: {x: -0.187795, y: 0.03936258, z: -0.8395492, w: 0.5082723}
  m_LocalPosition: {x: -0.1170993, y: 0.07205141, z: 0.02411819}
  m_LocalScale: {x: 0.9999991, y: 0.9999993, z: 0.9999999}
  m_Children: []
  m_Father: {fileID: 4248422180366643}
  m_RootOrder: 0
  m_LocalEulerAnglesHint: {x: -15.50524, y: 15.98064, z: 115.4281}
--- !u!1 &1464722748508321
GameObject:
  serializedVersion: 5
  m_Component:
  - component: {fileID: 4442375732592603}
  m_Layer: 0
  m_Name: Puppet_R_Clavicle
  m_TagString: Untagged
  m_Icon: {fileID: 0}
  m_NavMeshLayer: 0
  m_StaticEditorFlags: 0
  m_IsActive: 1
--- !u!4 &4442375732592603
Transform:
  m_GameObject: {fileID: 1464722748508321}
  m_LocalRotation: {x: -0.01224585, y: -0.7131755, z: 0.007340655, w: 0.7008401}
  m_LocalPosition: {x: -0.5783772, y: 0.06430341, z: -0.1535714}
  m_LocalScale: {x: 0.9999997, y: 0.9999998, z: 1}
  m_Children:
  - {fileID: 4169665923156293}
  m_Father: {fileID: 4066538991137676}
  m_RootOrder: 2
  m_LocalEulerAnglesHint: {x: -122.4013, y: 88.12433, z: -122.0038}
--- !u!1 &1733284571519293
GameObject:
  serializedVersion: 5
  m_Component:
  - component: {fileID: 4169665923156293}
  m_Layer: 0
  m_Name: Puppet_R_UpperArm
  m_TagString: Untagged
  m_Icon: {fileID: 0}
  m_NavMeshLayer: 0
  m_StaticEditorFlags: 0
  m_IsActive: 1
--- !u!4 &4169665923156293
Transform:
  m_GameObject: {fileID: 1733284571519293}
  m_LocalRotation: {x: -0.03346371, y: -0.5075143, z: 0.002538166, w: 0.8609895}
  m_LocalPosition: {x: -1.031973, y: 1.043081E-07, z: -4.768372E-07}
  m_LocalScale: {x: 1, y: 1.000001, z: 1}
  m_Children:
  - {fileID: 4720339141034432}
  m_Father: {fileID: 4442375732592603}
  m_RootOrder: 0
  m_LocalEulerAnglesHint: {x: -7.110143, y: 60.89846, z: -4.521036}
--- !u!1 &1854427140510986
GameObject:
  serializedVersion: 5
  m_Component:
  - component: {fileID: 4720339141034432}
  m_Layer: 0
  m_Name: Puppet_R_Forearm
  m_TagString: Untagged
  m_Icon: {fileID: 0}
  m_NavMeshLayer: 0
  m_StaticEditorFlags: 0
  m_IsActive: 1
--- !u!4 &4720339141034432
Transform:
  m_GameObject: {fileID: 1854427140510986}
  m_LocalRotation: {x: -0.003931726, y: -0.09657882, z: -0.2212714, w: 0.9704103}
  m_LocalPosition: {x: -1.166296, y: -1.490116E-07, z: 4.768372E-07}
  m_LocalScale: {x: 0.9999998, y: 1, z: 0.9999996}
  m_Children:
  - {fileID: 4718847582961606}
  m_Father: {fileID: 4169665923156293}
  m_RootOrder: 0
  m_LocalEulerAnglesHint: {x: 2.049056, y: 10.90506, z: 25.88537}
--- !u!1 &1941291999841436
GameObject:
  serializedVersion: 5
  m_Component:
  - component: {fileID: 4718847582961606}
  m_Layer: 0
  m_Name: Puppet_R_Hand
  m_TagString: Untagged
  m_Icon: {fileID: 0}
  m_NavMeshLayer: 0
  m_StaticEditorFlags: 0
  m_IsActive: 1
--- !u!4 &4718847582961606
Transform:
  m_GameObject: {fileID: 1941291999841436}
  m_LocalRotation: {x: -0.002219431, y: 0.01792878, z: 0.01965429, w: 0.9996436}
  m_LocalPosition: {x: -1.171074, y: -4.768372E-07, z: 2.384186E-07}
  m_LocalScale: {x: 1, y: 0.9999999, z: 1}
  m_Children:
  - {fileID: 4878804166176740}
  m_Father: {fileID: 4720339141034432}
  m_RootOrder: 0
  m_LocalEulerAnglesHint: {x: -0.2139966, y: -2.059197, z: -2.248883}
--- !u!1 &1293183624675121
GameObject:
  serializedVersion: 5
  m_Component:
  - component: {fileID: 4878804166176740}
  m_Layer: 0
  m_Name: Puppet_R_Scythe
  m_TagString: Untagged
  m_Icon: {fileID: 0}
  m_NavMeshLayer: 0
  m_StaticEditorFlags: 0
  m_IsActive: 1
--- !u!4 &4878804166176740
Transform:
  m_GameObject: {fileID: 1293183624675121}
  m_LocalRotation: {x: 0.1876223, y: -0.03857571, z: -0.8423177, w: 0.5037964}
  m_LocalPosition: {x: -0.1170993, y: 0.07205105, z: -0.02411795}
  m_LocalScale: {x: 1, y: 0.9999996, z: 1}
  m_Children: []
  m_Father: {fileID: 4718847582961606}
  m_RootOrder: 0
  m_LocalEulerAnglesHint: {x: 15.33097, y: -16.09355, z: 116.0519}
--- !u!1 &1107587235841296
GameObject:
  serializedVersion: 5
  m_Component:
  - component: {fileID: 4150002528704555}
  m_Layer: 0
  m_Name: Puppet_Root
  m_TagString: Untagged
  m_Icon: {fileID: 0}
  m_NavMeshLayer: 0
  m_StaticEditorFlags: 0
  m_IsActive: 1
--- !u!4 &4150002528704555
Transform:
  m_GameObject: {fileID: 1107587235841296}
  m_LocalRotation: {x: -0.7071068, y: 0, z: 0, w: 0.7071068}
  m_LocalPosition: {x: 0, y: 0, z: 0}
  m_LocalScale: {x: 1, y: 1, z: 1}
  m_Children: []
  m_Father: {fileID: 4047047786288440}
  m_RootOrder: 4
  m_LocalEulerAnglesHint: {x: -90, y: 0, z: 0}
