%YAML 1.1
%TAG !u! tag:unity3d.com,2011:
--- !u!1001 &100100000
Prefab:
  serializedVersion: 2
  m_Modification:
    m_TransformParent: {fileID: 0}
    m_Modifications: []
    m_RemovedComponents: []
  m_ParentPrefab: {fileID: 0}
  m_RootGameObject: {fileID: 1122852659547816}
  m_IsPrefabParent: 1
--- !u!1 &1122852659547816
GameObject:
  serializedVersion: 5
  m_Component:
  - component: {fileID: 4463506305410092}
  - component: {fileID: 111079360207261980}
  - component: {fileID: 114914757784457182}
  - component: {fileID: 82731529910725044}
  - component: {fileID: 114798107423907048}
  - component: {fileID: 114829206926201676}
  m_Layer: 0
  m_Name: Ghost
  m_TagString: Untagged
  m_Icon: {fileID: 0}
  m_NavMeshLayer: 0
  m_StaticEditorFlags: 0
  m_IsActive: 1
--- !u!4 &4463506305410092
Transform:
  m_GameObject: {fileID: 1122852659547816}
  m_LocalRotation: {x: 0, y: 0, z: 0, w: 1}
  m_LocalPosition: {x: 0, y: 0, z: 0}
  m_LocalScale: {x: 1, y: 1, z: 1}
  m_Children:
  - {fileID: 4727327680330246}
  - {fileID: 4647389591046351}
  - {fileID: 4382422741198102}
  - {fileID: 4684399502734943}
  m_Father: {fileID: 0}
  m_RootOrder: 0
  m_LocalEulerAnglesHint: {x: 0, y: 0, z: 0}
--- !u!111 &111079360207261980
Animation:
  m_GameObject: {fileID: 1122852659547816}
  m_Enabled: 1
  serializedVersion: 3
  m_Animation: {fileID: 0}
  m_Animations:
  - {fileID: 7400000, guid: ce44a62d5ca303d40a09b1fb73c88844, type: 2}
  - {fileID: 7400000, guid: df3f26b732f1ec7499b47f1351ca202f, type: 2}
  - {fileID: 7400000, guid: 316eb1bea4764dd468c42b22089931c9, type: 2}
  - {fileID: 7400000, guid: e84bef836c2ecd54da4577a9ef1eaf8f, type: 2}
  - {fileID: 7400000, guid: 2e0c4e004a66bb84aaee5942cf107dc0, type: 2}
  - {fileID: 7400000, guid: 9a239176375c85f40a4f4f846f435f4c, type: 2}
  - {fileID: 7400000, guid: d57db057cb8641d42a36f78cfdbc042b, type: 2}
  - {fileID: 7400000, guid: 11cc4faff5e3e1c4ebc0e5ebf0cff9ed, type: 2}
  m_WrapMode: 0
  m_PlayAutomatically: 0
  m_AnimatePhysics: 0
  m_CullingType: 1
--- !u!114 &114914757784457182
MonoBehaviour:
  m_GameObject: {fileID: 1122852659547816}
  m_Enabled: 1
  m_EditorHideFlags: 0
  m_Script: {fileID: 11500000, guid: 203ebd45b8aad6940846389310fb33f6, type: 3}
  m_Name:
  m_EditorClassIdentifier:
  SpawnEffect: {fileID: 0}
  SpawnAudio: {fileID: 8300000, guid: e6cb83663504e2049abf86db3e9772ee, type: 3}
  SpawnAudioDelaySecs: 0
  Intro: Ghost_Intro
  Idle: Ghost_Idle
  IntroLength: 2.133333
  hpBar: {fileID: 0}
--- !u!82 &82731529910725044
AudioSource:
  m_GameObject: {fileID: 1122852659547816}
  m_Enabled: 1
  serializedVersion: 4
  OutputAudioMixerGroup: {fileID: 0}
  m_audioClip: {fileID: 0}
  m_PlayOnAwake: 0
  m_Volume: 1
  m_Pitch: 1
  Loop: 0
  Mute: 0
  Spatialize: 0
  SpatializePostEffects: 0
  Priority: 128
  DopplerLevel: 1
  MinDistance: 1
  MaxDistance: 500
  Pan2D: 0
  rolloffMode: 2
  BypassEffects: 0
  BypassListenerEffects: 0
  BypassReverbZones: 0
  rolloffCustomCurve:
    serializedVersion: 2
    m_Curve:
    - serializedVersion: 2
      time: 0
      value: 1
      inSlope: 0
      outSlope: 0
      tangentMode: 0
    - serializedVersion: 2
      time: 1
      value: 1
      inSlope: 0
      outSlope: 0
      tangentMode: 0
    m_PreInfinity: 2
    m_PostInfinity: 2
    m_RotationOrder: 0
  panLevelCustomCurve:
    serializedVersion: 2
    m_Curve:
    - serializedVersion: 2
      time: 0
      value: 0
      inSlope: 0
      outSlope: 0
      tangentMode: 0
    m_PreInfinity: 2
    m_PostInfinity: 2
    m_RotationOrder: 0
  spreadCustomCurve:
    serializedVersion: 2
    m_Curve:
    - serializedVersion: 2
      time: 0
      value: 0
      inSlope: 0
      outSlope: 0
      tangentMode: 0
    m_PreInfinity: 2
    m_PostInfinity: 2
    m_RotationOrder: 0
  reverbZoneMixCustomCurve:
    serializedVersion: 2
    m_Curve:
    - serializedVersion: 2
      time: 0
      value: 1
      inSlope: 0
      outSlope: 0
      tangentMode: 0
    m_PreInfinity: 2
    m_PostInfinity: 2
    m_RotationOrder: 0
--- !u!114 &114798107423907048
MonoBehaviour:
  m_GameObject: {fileID: 1122852659547816}
  m_Enabled: 1
  m_EditorHideFlags: 0
  m_Script: {fileID: 11500000, guid: 816f303b97b032a4d9e1a96b34158d44, type: 3}
  m_Name:
  m_EditorClassIdentifier:
  Tombstone: {fileID: 0}
  Timer: 0
  Idle:
  RemoveTombstone: 0
  DamageDealt: 0
  Flooped: 0
  Crash: 0
--- !u!114 &114829206926201676
MonoBehaviour:
  m_GameObject: {fileID: 1122852659547816}
  m_Enabled: 1
  m_EditorHideFlags: 0
  m_Script: {fileID: 11500000, guid: 9390b1f887e33a34caef2ef05f3f87a5, type: 3}
  m_Name:
  m_EditorClassIdentifier:
  animTarget: {fileID: 0}
  animName:
--- !u!1 &1169317936107779
GameObject:
  serializedVersion: 5
  m_Component:
  - component: {fileID: 4727327680330246}
  - component: {fileID: 137722820968228623}
  m_Layer: 0
  m_Name: Ghost
  m_TagString: Untagged
  m_Icon: {fileID: 0}
  m_NavMeshLayer: 0
  m_StaticEditorFlags: 0
  m_IsActive: 1
--- !u!4 &4727327680330246
Transform:
  m_GameObject: {fileID: 1169317936107779}
  m_LocalRotation: {x: -0.7071068, y: 0, z: 0, w: 0.7071068}
  m_LocalPosition: {x: -0.0009868294, y: 0, z: -1.868606E-05}
  m_LocalScale: {x: 1, y: 1, z: 1}
  m_Children: []
  m_Father: {fileID: 4463506305410092}
  m_RootOrder: 0
  m_LocalEulerAnglesHint: {x: -90, y: 0, z: 0}
--- !u!137 &137722820968228623
SkinnedMeshRenderer:
  m_GameObject: {fileID: 1169317936107779}
  m_Enabled: 1
  m_CastShadows: 1
  m_ReceiveShadows: 1
  m_DynamicOccludee: 1
  m_MotionVectors: 1
  m_LightProbeUsage: 0
  m_ReflectionProbeUsage: 1
  m_Materials:
  - {fileID: 2100000, guid: c1e303bdb88424d4fb5a0aae6ac7566c, type: 2}
  m_StaticBatchInfo:
    firstSubMesh: 0
    subMeshCount: 0
  m_StaticBatchRoot: {fileID: 0}
  m_ProbeAnchor: {fileID: 0}
  m_LightProbeVolumeOverride: {fileID: 0}
  m_ScaleInLightmap: 1
  m_PreserveUVs: 0
  m_IgnoreNormalsForChartDetection: 0
  m_ImportantGI: 0
  m_StitchLightmapSeams: 0
  m_SelectedEditorRenderState: 3
  m_MinimumChartSize: 4
  m_AutoUVMaxDistance: 0.5
  m_AutoUVMaxAngle: 89
  m_LightmapParameters: {fileID: 0}
  m_SortingLayerID: 0
  m_SortingLayer: 0
  m_SortingOrder: 0
  serializedVersion: 2
  m_Quality: 0
  m_UpdateWhenOffscreen: 0
  m_skinnedMotionVectors: 0
  m_Mesh: {fileID: 4300000, guid: 6e3ec45037251d74f9f2861479227289, type: 2}
  m_Bones:
  - {fileID: 4382422741198102}
  - {fileID: 4325479214111901}
  m_BlendShapeWeights: []
  m_RootBone: {fileID: 4382422741198102}
  m_AABB:
    m_Center: {x: 0.2751175, y: -0.0001219511, z: 0.0009868741}
    m_Extent: {x: 1.064752, y: 0.7884555, z: 0.788455}
  m_DirtyAABB: 0
--- !u!1 &1545564539691584
GameObject:
  serializedVersion: 5
  m_Component:
  - component: {fileID: 4647389591046351}
  - component: {fileID: 137927161913754670}
  m_Layer: 0
  m_Name: Ghost_Outline
  m_TagString: Untagged
  m_Icon: {fileID: 0}
  m_NavMeshLayer: 0
  m_StaticEditorFlags: 0
  m_IsActive: 1
--- !u!4 &4647389591046351
Transform:
  m_GameObject: {fileID: 1545564539691584}
  m_LocalRotation: {x: -0.7071068, y: 0, z: 0, w: 0.7071068}
  m_LocalPosition: {x: -0.0009868294, y: 0, z: -1.868606E-05}
  m_LocalScale: {x: 1, y: 1, z: 1}
  m_Children: []
  m_Father: {fileID: 4463506305410092}
  m_RootOrder: 1
  m_LocalEulerAnglesHint: {x: -90, y: 0, z: 0}
--- !u!137 &137927161913754670
SkinnedMeshRenderer:
  m_GameObject: {fileID: 1545564539691584}
  m_Enabled: 1
  m_CastShadows: 1
  m_ReceiveShadows: 1
  m_DynamicOccludee: 1
  m_MotionVectors: 1
  m_LightProbeUsage: 0
  m_ReflectionProbeUsage: 1
  m_Materials:
  - {fileID: 2100000, guid: c1e303bdb88424d4fb5a0aae6ac7566c, type: 2}
  m_StaticBatchInfo:
    firstSubMesh: 0
    subMeshCount: 0
  m_StaticBatchRoot: {fileID: 0}
  m_ProbeAnchor: {fileID: 0}
  m_LightProbeVolumeOverride: {fileID: 0}
  m_ScaleInLightmap: 1
  m_PreserveUVs: 0
  m_IgnoreNormalsForChartDetection: 0
  m_ImportantGI: 0
  m_StitchLightmapSeams: 0
  m_SelectedEditorRenderState: 3
  m_MinimumChartSize: 4
  m_AutoUVMaxDistance: 0.5
  m_AutoUVMaxAngle: 89
  m_LightmapParameters: {fileID: 0}
  m_SortingLayerID: 0
  m_SortingLayer: 0
  m_SortingOrder: 0
  serializedVersion: 2
  m_Quality: 0
  m_UpdateWhenOffscreen: 0
  m_skinnedMotionVectors: 0
  m_Mesh: {fileID: 4300000, guid: da4a0f810385b404f845d81f11bbb929, type: 2}
  m_Bones:
  - {fileID: 4382422741198102}
  - {fileID: 4325479214111901}
  m_BlendShapeWeights: []
  m_RootBone: {fileID: 4382422741198102}
  m_AABB:
    m_Center: {x: 0.2563657, y: -0.0001218319, z: 0.0009881854}
    m_Extent: {x: 1.086, y: 0.8284446, z: 0.8284441}
  m_DirtyAABB: 0
--- !u!1 &1945897638224470
GameObject:
  serializedVersion: 5
  m_Component:
  - component: {fileID: 4382422741198102}
  m_Layer: 0
  m_Name: Puppet_Global
  m_TagString: Untagged
  m_Icon: {fileID: 0}
  m_NavMeshLayer: 0
  m_StaticEditorFlags: 0
  m_IsActive: 1
--- !u!4 &4382422741198102
Transform:
  m_GameObject: {fileID: 1945897638224470}
  m_LocalRotation: {x: 0.4999999, y: -0.4999999, z: -0.5000001, w: 0.5000001}
  m_LocalPosition: {x: 0, y: 2.188073, z: 0.0001031728}
  m_LocalScale: {x: 1, y: 1, z: 1}
  m_Children:
  - {fileID: 4325479214111901}
  m_Father: {fileID: 4463506305410092}
  m_RootOrder: 2
  m_LocalEulerAnglesHint: {x: 89.99997, y: 0, z: 90}
--- !u!1 &1466103973758192
GameObject:
  serializedVersion: 5
  m_Component:
  - component: {fileID: 4325479214111901}
  m_Layer: 0
  m_Name: Puppet_Bottom
  m_TagString: Untagged
  m_Icon: {fileID: 0}
  m_NavMeshLayer: 0
  m_StaticEditorFlags: 0
  m_IsActive: 1
--- !u!4 &4325479214111901
Transform:
  m_GameObject: {fileID: 1466103973758192}
  m_LocalRotation: {x: 9.144407E-15, y: 1, z: -8.742277E-08, w: 1.053002E-07}
  m_LocalPosition: {x: 0.354636, y: -7.328345E-08, z: -4.271236E-14}
  m_LocalScale: {x: 0.9999999, y: 0.9999999, z: 1}
  m_Children: []
  m_Father: {fileID: 4382422741198102}
  m_RootOrder: 0
  m_LocalEulerAnglesHint: {x: -180, y: -1.206652E-05, z: 180}
--- !u!1 &1586541466166913
GameObject:
  serializedVersion: 5
  m_Component:
  - component: {fileID: 4684399502734943}
  m_Layer: 0
  m_Name: Puppet_Root
  m_TagString: Untagged
  m_Icon: {fileID: 0}
  m_NavMeshLayer: 0
  m_StaticEditorFlags: 0
  m_IsActive: 1
--- !u!4 &4684399502734943
Transform:
  m_GameObject: {fileID: 1586541466166913}
  m_LocalRotation: {x: -0.7071068, y: -2.669254E-08, z: -2.669254E-08, w: 0.7071068}
  m_LocalPosition: {x: 0, y: 0, z: 0}
  m_LocalScale: {x: 1, y: 1, z: 1}
  m_Children: []
  m_Father: {fileID: 4463506305410092}
  m_RootOrder: 3
  m_LocalEulerAnglesHint: {x: -90, y: 4.325711E-06, z: 0}
