%YAML 1.1
%TAG !u! tag:unity3d.com,2011:
--- !u!1001 &100100000
Prefab:
  serializedVersion: 2
  m_Modification:
    m_TransformParent: {fileID: 0}
    m_Modifications: []
    m_RemovedComponents: []
  m_ParentPrefab: {fileID: 0}
  m_RootGameObject: {fileID: 1744158010296199}
  m_IsPrefabParent: 1
--- !u!1 &1744158010296199
GameObject:
  serializedVersion: 5
  m_Component:
  - component: {fileID: 4285121032200272}
  - component: {fileID: 111810640311401366}
  - component: {fileID: 114801760768652928}
  - component: {fileID: 82338560800632346}
  - component: {fileID: 114318407136556122}
  - component: {fileID: 114232270492410987}
  m_Layer: 0
  m_Name: GhostHag
  m_TagString: Untagged
  m_Icon: {fileID: 0}
  m_NavMeshLayer: 0
  m_StaticEditorFlags: 0
  m_IsActive: 1
--- !u!4 &4285121032200272
Transform:
  m_GameObject: {fileID: 1744158010296199}
  m_LocalRotation: {x: 0, y: 0, z: 0, w: 1}
  m_LocalPosition: {x: 0, y: 0, z: 0}
  m_LocalScale: {x: 1, y: 1, z: 1}
  m_Children:
  - {fileID: 4937662970052750}
  - {fileID: 4031928001227740}
  - {fileID: 4923186376875548}
  - {fileID: 4373308821734071}
  m_Father: {fileID: 0}
  m_RootOrder: 0
  m_LocalEulerAnglesHint: {x: 0, y: 0, z: 0}
--- !u!111 &111810640311401366
Animation:
  m_GameObject: {fileID: 1744158010296199}
  m_Enabled: 1
  serializedVersion: 3
  m_Animation: {fileID: 0}
  m_Animations:
  - {fileID: 7400000, guid: f41dcbd45ed2b9d49b3826ca4593fd83, type: 2}
  - {fileID: 7400000, guid: 29f1436236046a349a68f9bc6c6cec0b, type: 2}
  - {fileID: 7400000, guid: 9a239176375c85f40a4f4f846f435f4c, type: 2}
  - {fileID: 7400000, guid: 2e0c4e004a66bb84aaee5942cf107dc0, type: 2}
  - {fileID: 7400000, guid: d57db057cb8641d42a36f78cfdbc042b, type: 2}
  - {fileID: 7400000, guid: 316eb1bea4764dd468c42b22089931c9, type: 2}
  - {fileID: 7400000, guid: e84bef836c2ecd54da4577a9ef1eaf8f, type: 2}
  - {fileID: 7400000, guid: 11cc4faff5e3e1c4ebc0e5ebf0cff9ed, type: 2}
  m_WrapMode: 0
  m_PlayAutomatically: 1
  m_AnimatePhysics: 0
  m_CullingType: 1
--- !u!114 &114801760768652928
MonoBehaviour:
  m_GameObject: {fileID: 1744158010296199}
  m_Enabled: 1
  m_EditorHideFlags: 0
  m_Script: {fileID: 11500000, guid: 203ebd45b8aad6940846389310fb33f6, type: 3}
  m_Name:
  m_EditorClassIdentifier:
  SpawnEffect: {fileID: 0}
  SpawnAudio: {fileID: 8300000, guid: e6cb83663504e2049abf86db3e9772ee, type: 3}
  SpawnAudioDelaySecs: 0
  Intro: GhostHag_Intro
  Idle: GhostHag_Idle
  IntroLength: 1.7333
  hpBar: {fileID: 0}
--- !u!82 &82338560800632346
AudioSource:
  m_GameObject: {fileID: 1744158010296199}
  m_Enabled: 1
  serializedVersion: 4
  OutputAudioMixerGroup: {fileID: 0}
  m_audioClip: {fileID: 0}
  m_PlayOnAwake: 0
  m_Volume: 1
  m_Pitch: 1
  Loop: 0
  Mute: 0
  Spatialize: 0
  SpatializePostEffects: 0
  Priority: 128
  DopplerLevel: 1
  MinDistance: 1
  MaxDistance: 500
  Pan2D: 0
  rolloffMode: 0
  BypassEffects: 0
  BypassListenerEffects: 0
  BypassReverbZones: 0
  rolloffCustomCurve:
    serializedVersion: 2
    m_Curve:
    - serializedVersion: 2
      time: 0
      value: 1
      inSlope: 0
      outSlope: 0
      tangentMode: 0
    - serializedVersion: 2
      time: 1
      value: 0
      inSlope: 0
      outSlope: 0
      tangentMode: 0
    m_PreInfinity: 2
    m_PostInfinity: 2
    m_RotationOrder: 0
  panLevelCustomCurve:
    serializedVersion: 2
    m_Curve:
    - serializedVersion: 2
      time: 0
      value: 0
      inSlope: 0
      outSlope: 0
      tangentMode: 0
    m_PreInfinity: 2
    m_PostInfinity: 2
    m_RotationOrder: 0
  spreadCustomCurve:
    serializedVersion: 2
    m_Curve:
    - serializedVersion: 2
      time: 0
      value: 0
      inSlope: 0
      outSlope: 0
      tangentMode: 0
    m_PreInfinity: 2
    m_PostInfinity: 2
    m_RotationOrder: 0
  reverbZoneMixCustomCurve:
    serializedVersion: 2
    m_Curve:
    - serializedVersion: 2
      time: 0
      value: 1
      inSlope: 0
      outSlope: 0
      tangentMode: 0
    m_PreInfinity: 2
    m_PostInfinity: 2
    m_RotationOrder: 0
--- !u!114 &114318407136556122
MonoBehaviour:
  m_GameObject: {fileID: 1744158010296199}
  m_Enabled: 1
  m_EditorHideFlags: 0
  m_Script: {fileID: 11500000, guid: 816f303b97b032a4d9e1a96b34158d44, type: 3}
  m_Name:
  m_EditorClassIdentifier:
  Tombstone: {fileID: 0}
  Timer: 0
  Idle:
  RemoveTombstone: 0
  DamageDealt: 0
  Flooped: 0
  Crash: 0
--- !u!114 &114232270492410987
MonoBehaviour:
  m_GameObject: {fileID: 1744158010296199}
  m_Enabled: 1
  m_EditorHideFlags: 0
  m_Script: {fileID: 11500000, guid: 9390b1f887e33a34caef2ef05f3f87a5, type: 3}
  m_Name:
  m_EditorClassIdentifier:
  animTarget: {fileID: 0}
  animName:
--- !u!1 &1482934116137656
GameObject:
  serializedVersion: 5
  m_Component:
  - component: {fileID: 4937662970052750}
  - component: {fileID: 137077017117575902}
  m_Layer: 0
  m_Name: GhostHag
  m_TagString: Untagged
  m_Icon: {fileID: 0}
  m_NavMeshLayer: 0
  m_StaticEditorFlags: 0
  m_IsActive: 1
--- !u!4 &4937662970052750
Transform:
  m_GameObject: {fileID: 1482934116137656}
  m_LocalRotation: {x: -0.7071068, y: 0, z: 0, w: 0.7071068}
  m_LocalPosition: {x: -0.007108986, y: -0.001032948, z: 0.005229622}
  m_LocalScale: {x: 1, y: 1, z: 1}
  m_Children: []
  m_Father: {fileID: 4285121032200272}
  m_RootOrder: 0
  m_LocalEulerAnglesHint: {x: -90, y: 0, z: 0}
--- !u!137 &137077017117575902
SkinnedMeshRenderer:
  m_GameObject: {fileID: 1482934116137656}
  m_Enabled: 1
  m_CastShadows: 1
  m_ReceiveShadows: 1
  m_DynamicOccludee: 1
  m_MotionVectors: 1
  m_LightProbeUsage: 0
  m_ReflectionProbeUsage: 1
  m_Materials:
  - {fileID: 2100000, guid: 942ab0011e7b3434a8f2054a2eae5ff7, type: 2}
  m_StaticBatchInfo:
    firstSubMesh: 0
    subMeshCount: 0
  m_StaticBatchRoot: {fileID: 0}
  m_ProbeAnchor: {fileID: 0}
  m_LightProbeVolumeOverride: {fileID: 0}
  m_ScaleInLightmap: 1
  m_PreserveUVs: 0
  m_IgnoreNormalsForChartDetection: 0
  m_ImportantGI: 0
  m_StitchLightmapSeams: 0
  m_SelectedEditorRenderState: 3
  m_MinimumChartSize: 4
  m_AutoUVMaxDistance: 0.5
  m_AutoUVMaxAngle: 89
  m_LightmapParameters: {fileID: 0}
  m_SortingLayerID: 0
  m_SortingLayer: 0
  m_SortingOrder: 0
  serializedVersion: 2
  m_Quality: 0
  m_UpdateWhenOffscreen: 0
  m_skinnedMotionVectors: 0
  m_Mesh: {fileID: 4300000, guid: aa07636ad484d3b48924c7a672ca48f4, type: 2}
  m_Bones:
  - {fileID: 4466045845846014}
  - {fileID: 4042916852758036}
  - {fileID: 4769142460204955}
  - {fileID: 4623569370072722}
  - {fileID: 4264896900322148}
  - {fileID: 4944898239202215}
  - {fileID: 4923186376875548}
  - {fileID: 4358653379327779}
  - {fileID: 4393875738180049}
  - {fileID: 4254553756376321}
  - {fileID: 4580579889685383}
  - {fileID: 4522017830006679}
  - {fileID: 4787403809521499}
  - {fileID: 4506776796158219}
  - {fileID: 4852486930066609}
  - {fileID: 4364727284306051}
  - {fileID: 4282238410298696}
  - {fileID: 4401717589112744}
  - {fileID: 4623074615343693}
  - {fileID: 4649591404510687}
  - {fileID: 4105313311426180}
  m_BlendShapeWeights: []
  m_RootBone: {fileID: 4923186376875548}
  m_AABB:
    m_Center: {x: 0.3386502, y: 0.2130582, z: 0.002897978}
    m_Extent: {x: 2.484386, y: 1.409434, z: 1.538912}
  m_DirtyAABB: 0
--- !u!1 &1753362697484888
GameObject:
  serializedVersion: 5
  m_Component:
  - component: {fileID: 4031928001227740}
  - component: {fileID: 137346171242282625}
  m_Layer: 0
  m_Name: GhostHag_Outline
  m_TagString: Untagged
  m_Icon: {fileID: 0}
  m_NavMeshLayer: 0
  m_StaticEditorFlags: 0
  m_IsActive: 1
--- !u!4 &4031928001227740
Transform:
  m_GameObject: {fileID: 1753362697484888}
  m_LocalRotation: {x: -0.7071068, y: 0, z: 0, w: 0.7071068}
  m_LocalPosition: {x: -0.007108867, y: -0.001032948, z: -0.001287371}
  m_LocalScale: {x: 1, y: 1, z: 1}
  m_Children: []
  m_Father: {fileID: 4285121032200272}
  m_RootOrder: 1
  m_LocalEulerAnglesHint: {x: -90, y: 0, z: 0}
--- !u!137 &137346171242282625
SkinnedMeshRenderer:
  m_GameObject: {fileID: 1753362697484888}
  m_Enabled: 1
  m_CastShadows: 1
  m_ReceiveShadows: 1
  m_DynamicOccludee: 1
  m_MotionVectors: 1
  m_LightProbeUsage: 0
  m_ReflectionProbeUsage: 1
  m_Materials:
  - {fileID: 2100000, guid: 942ab0011e7b3434a8f2054a2eae5ff7, type: 2}
  m_StaticBatchInfo:
    firstSubMesh: 0
    subMeshCount: 0
  m_StaticBatchRoot: {fileID: 0}
  m_ProbeAnchor: {fileID: 0}
  m_LightProbeVolumeOverride: {fileID: 0}
  m_ScaleInLightmap: 1
  m_PreserveUVs: 0
  m_IgnoreNormalsForChartDetection: 0
  m_ImportantGI: 0
  m_StitchLightmapSeams: 0
  m_SelectedEditorRenderState: 3
  m_MinimumChartSize: 4
  m_AutoUVMaxDistance: 0.5
  m_AutoUVMaxAngle: 89
  m_LightmapParameters: {fileID: 0}
  m_SortingLayerID: 0
  m_SortingLayer: 0
  m_SortingOrder: 0
  serializedVersion: 2
  m_Quality: 0
  m_UpdateWhenOffscreen: 0
  m_skinnedMotionVectors: 0
  m_Mesh: {fileID: 4300000, guid: 515f5fcf8150c60479966d8f95ba8a14, type: 2}
  m_Bones:
  - {fileID: 4466045845846014}
  - {fileID: 4042916852758036}
  - {fileID: 4769142460204955}
  - {fileID: 4623569370072722}
  - {fileID: 4264896900322148}
  - {fileID: 4944898239202215}
  - {fileID: 4923186376875548}
  - {fileID: 4358653379327779}
  - {fileID: 4393875738180049}
  - {fileID: 4254553756376321}
  - {fileID: 4580579889685383}
  - {fileID: 4522017830006679}
  - {fileID: 4787403809521499}
  - {fileID: 4506776796158219}
  - {fileID: 4852486930066609}
  - {fileID: 4364727284306051}
  - {fileID: 4282238410298696}
  - {fileID: 4401717589112744}
  - {fileID: 4623074615343693}
  - {fileID: 4649591404510687}
  - {fileID: 4105313311426180}
  m_BlendShapeWeights: []
  m_RootBone: {fileID: 4923186376875548}
  m_AABB:
    m_Center: {x: 0.3431349, y: 0.2107327, z: 0.002897978}
    m_Extent: {x: 2.509157, y: 1.429921, z: 1.563027}
  m_DirtyAABB: 0
--- !u!1 &1070665268007441
GameObject:
  serializedVersion: 5
  m_Component:
  - component: {fileID: 4923186376875548}
  m_Layer: 0
  m_Name: Puppet_Pelvis
  m_TagString: Untagged
  m_Icon: {fileID: 0}
  m_NavMeshLayer: 0
  m_StaticEditorFlags: 0
  m_IsActive: 1
--- !u!4 &4923186376875548
Transform:
  m_GameObject: {fileID: 1070665268007441}
  m_LocalRotation: {x: 0.5, y: -0.5, z: -0.5000001, w: 0.5000001}
  m_LocalPosition: {x: 0, y: 1.371113, z: 0.00623922}
  m_LocalScale: {x: 1, y: 1, z: 1}
  m_Children:
  - {fileID: 4787403809521499}
  - {fileID: 4944898239202215}
  m_Father: {fileID: 4285121032200272}
  m_RootOrder: 2
  m_LocalEulerAnglesHint: {x: 89.99999, y: 0, z: 90}
--- !u!1 &1906531094838375
GameObject:
  serializedVersion: 5
  m_Component:
  - component: {fileID: 4787403809521499}
  m_Layer: 0
  m_Name: Puppet_Spine
  m_TagString: Untagged
  m_Icon: {fileID: 0}
  m_NavMeshLayer: 0
  m_StaticEditorFlags: 0
  m_IsActive: 1
--- !u!4 &4787403809521499
Transform:
  m_GameObject: {fileID: 1906531094838375}
  m_LocalRotation: {x: 2.384186E-07, y: -2.384186E-07, z: -4.263257E-14, w: 1}
  m_LocalPosition: {x: -0.1826829, y: 3.352761E-08, z: -8.710998E-08}
  m_LocalScale: {x: 1, y: 1, z: 1}
  m_Children:
  - {fileID: 4580579889685383}
  m_Father: {fileID: 4923186376875548}
  m_RootOrder: 0
  m_LocalEulerAnglesHint: {x: 2.732076E-05, y: 2.732076E-05, z: 1.139911E-11}
--- !u!1 &1741220112762877
GameObject:
  serializedVersion: 5
  m_Component:
  - component: {fileID: 4580579889685383}
  m_Layer: 0
  m_Name: Puppet_Spine1
  m_TagString: Untagged
  m_Icon: {fileID: 0}
  m_NavMeshLayer: 0
  m_StaticEditorFlags: 0
  m_IsActive: 1
--- !u!4 &4580579889685383
Transform:
  m_GameObject: {fileID: 1741220112762877}
  m_LocalRotation: {x: -1.554701E-07, y: -4.361832E-11, z: 1.950439E-11, w: 1}
  m_LocalPosition: {x: -0.3956102, y: 9.313226E-10, z: -2.727623E-10}
  m_LocalScale: {x: 0.9999999, y: 1, z: 1}
  m_Children:
  - {fileID: 4358653379327779}
  - {fileID: 4623074615343693}
  - {fileID: 4364727284306051}
  m_Father: {fileID: 4787403809521499}
  m_RootOrder: 0
  m_LocalEulerAnglesHint: {x: -1.781556E-05, y: 4.998292E-09, z: -2.235039E-09}
--- !u!1 &1365334328834870
GameObject:
  serializedVersion: 5
  m_Component:
  - component: {fileID: 4358653379327779}
  m_Layer: 0
  m_Name: Puppet_Head
  m_TagString: Untagged
  m_Icon: {fileID: 0}
  m_NavMeshLayer: 0
  m_StaticEditorFlags: 0
  m_IsActive: 1
--- !u!4 &4358653379327779
Transform:
  m_GameObject: {fileID: 1365334328834870}
  m_LocalRotation: {x: -4.177829E-07, y: 4.364546E-11, z: -2.421283E-08, w: 1}
  m_LocalPosition: {x: -0.721087, y: 0.1744236, z: -1.015778E-08}
  m_LocalScale: {x: 1, y: 0.9999999, z: 0.9999999}
  m_Children:
  - {fileID: 4393875738180049}
  - {fileID: 4254553756376321}
  - {fileID: 4522017830006679}
  m_Father: {fileID: 4580579889685383}
  m_RootOrder: 0
  m_LocalEulerAnglesHint: {x: -4.787439E-05, y: -5.000242E-09, z: 2.774586E-06}
--- !u!1 &1458746526322952
GameObject:
  serializedVersion: 5
  m_Component:
  - component: {fileID: 4393875738180049}
  m_Layer: 0
  m_Name: Puppet_HairBack
  m_TagString: Untagged
  m_Icon: {fileID: 0}
  m_NavMeshLayer: 0
  m_StaticEditorFlags: 0
  m_IsActive: 1
--- !u!4 &4393875738180049
Transform:
  m_GameObject: {fileID: 1458746526322952}
  m_LocalRotation: {x: 5.558829E-08, y: -3.925361E-07, z: 1, w: -1.118969E-07}
  m_LocalPosition: {x: -0.3926623, y: -0.251588, z: -1.954748E-07}
  m_LocalScale: {x: 1, y: 1, z: 1}
  m_Children: []
  m_Father: {fileID: 4358653379327779}
  m_RootOrder: 0
  m_LocalEulerAnglesHint: {x: -4.498132E-05, y: 6.369944E-06, z: 180}
--- !u!1 &1550822944064617
GameObject:
  serializedVersion: 5
  m_Component:
  - component: {fileID: 4254553756376321}
  m_Layer: 0
  m_Name: Puppet_HairL01
  m_TagString: Untagged
  m_Icon: {fileID: 0}
  m_NavMeshLayer: 0
  m_StaticEditorFlags: 0
  m_IsActive: 1
--- !u!4 &4254553756376321
Transform:
  m_GameObject: {fileID: 1550822944064617}
  m_LocalRotation: {x: -0.05085242, y: 0.9399806, z: -0.2963747, w: 0.1612839}
  m_LocalPosition: {x: -0.2887065, y: 0.1414046, z: 0.4134771}
  m_LocalScale: {x: 1, y: 1.000001, z: 1}
  m_Children:
  - {fileID: 4105313311426180}
  m_Father: {fileID: 4358653379327779}
  m_RootOrder: 1
  m_LocalEulerAnglesHint: {x: -143.3992, y: -15.84672, z: 168.5358}
--- !u!1 &1657644700242203
GameObject:
  serializedVersion: 5
  m_Component:
  - component: {fileID: 4105313311426180}
  m_Layer: 0
  m_Name: Puppet_HairL02
  m_TagString: Untagged
  m_Icon: {fileID: 0}
  m_NavMeshLayer: 0
  m_StaticEditorFlags: 0
  m_IsActive: 1
--- !u!4 &4105313311426180
Transform:
  m_GameObject: {fileID: 1657644700242203}
  m_LocalRotation: {x: -3.249244E-07, y: -0.1320397, z: 4.350722E-08, w: 0.9912444}
  m_LocalPosition: {x: -0.2698882, y: 2.980232E-08, z: -2.384186E-07}
  m_LocalScale: {x: 0.9999999, y: 0.9999995, z: 0.9999999}
  m_Children: []
  m_Father: {fileID: 4254553756376321}
  m_RootOrder: 0
  m_LocalEulerAnglesHint: {x: -3.892309E-05, y: 15.17495, z: -1.021439E-05}
--- !u!1 &1561245312625221
GameObject:
  serializedVersion: 5
  m_Component:
  - component: {fileID: 4522017830006679}
  m_Layer: 0
  m_Name: Puppet_HairR01
  m_TagString: Untagged
  m_Icon: {fileID: 0}
  m_NavMeshLayer: 0
  m_StaticEditorFlags: 0
  m_IsActive: 1
--- !u!4 &4522017830006679
Transform:
  m_GameObject: {fileID: 1561245312625221}
  m_LocalRotation: {x: -0.05085261, y: 0.9399804, z: 0.2963753, w: -0.1612839}
  m_LocalPosition: {x: -0.2887065, y: 0.1414054, z: -0.4134769}
  m_LocalScale: {x: 1, y: 1, z: 1}
  m_Children:
  - {fileID: 4649591404510687}
  m_Father: {fileID: 4358653379327779}
  m_RootOrder: 2
  m_LocalEulerAnglesHint: {x: 143.3991, y: 15.84671, z: 168.5358}
--- !u!1 &1875355255898602
GameObject:
  serializedVersion: 5
  m_Component:
  - component: {fileID: 4649591404510687}
  m_Layer: 0
  m_Name: Puppet_HairR02
  m_TagString: Untagged
  m_Icon: {fileID: 0}
  m_NavMeshLayer: 0
  m_StaticEditorFlags: 0
  m_IsActive: 1
--- !u!4 &4649591404510687
Transform:
  m_GameObject: {fileID: 1875355255898602}
  m_LocalRotation: {x: 1.409898E-08, y: 0.1320396, z: -3.58186E-09, w: 0.9912444}
  m_LocalPosition: {x: -0.2698884, y: 9.313226E-09, z: -1.192093E-07}
  m_LocalScale: {x: 0.9999998, y: 1, z: 0.9999998}
  m_Children: []
  m_Father: {fileID: 4522017830006679}
  m_RootOrder: 0
  m_LocalEulerAnglesHint: {x: 1.603184E-06, y: -15.17494, z: 2.005229E-07}
--- !u!1 &1612509049844091
GameObject:
  serializedVersion: 5
  m_Component:
  - component: {fileID: 4623074615343693}
  m_Layer: 0
  m_Name: Puppet_L_UpperArm
  m_TagString: Untagged
  m_Icon: {fileID: 0}
  m_NavMeshLayer: 0
  m_StaticEditorFlags: 0
  m_IsActive: 1
--- !u!4 &4623074615343693
Transform:
  m_GameObject: {fileID: 1612509049844091}
  m_LocalRotation: {x: -0.5859692, y: 0.6169863, z: 0.368013, w: 0.3748793}
  m_LocalPosition: {x: -0.4426589, y: 0.04286226, z: 0.5220847}
  m_LocalScale: {x: 1.000001, y: 1, z: 1}
  m_Children:
  - {fileID: 4401717589112744}
  m_Father: {fileID: 4580579889685383}
  m_RootOrder: 1
  m_LocalEulerAnglesHint: {x: 178.1104, y: -63.36484, z: 94.1203}
--- !u!1 &1167894206908885
GameObject:
  serializedVersion: 5
  m_Component:
  - component: {fileID: 4401717589112744}
  m_Layer: 0
  m_Name: Puppet_L_Forearm
  m_TagString: Untagged
  m_Icon: {fileID: 0}
  m_NavMeshLayer: 0
  m_StaticEditorFlags: 0
  m_IsActive: 1
--- !u!4 &4401717589112744
Transform:
  m_GameObject: {fileID: 1167894206908885}
  m_LocalRotation: {x: 0.002695134, y: 0.4306507, z: -0.02798642, w: 0.9020807}
  m_LocalPosition: {x: -0.7532459, y: -2.384186E-07, z: -2.980232E-07}
  m_LocalScale: {x: 0.9999989, y: 0.9999997, z: 1}
  m_Children:
  - {fileID: 4282238410298696}
  m_Father: {fileID: 4623074615343693}
  m_RootOrder: 0
  m_LocalEulerAnglesHint: {x: -1.752056, y: -50.9971, z: 4.389667}
--- !u!1 &1002437643183293
GameObject:
  serializedVersion: 5
  m_Component:
  - component: {fileID: 4282238410298696}
  m_Layer: 0
  m_Name: Puppet_L_Hand
  m_TagString: Untagged
  m_Icon: {fileID: 0}
  m_NavMeshLayer: 0
  m_StaticEditorFlags: 0
  m_IsActive: 1
--- !u!4 &4282238410298696
Transform:
  m_GameObject: {fileID: 1002437643183293}
  m_LocalRotation: {x: 0.003828991, y: 0.009471424, z: 0.01676743, w: 0.9998072}
  m_LocalPosition: {x: -0.9287112, y: 2.384186E-07, z: -1.192093E-07}
  m_LocalScale: {x: 0.9999997, y: 1, z: 0.9999999}
  m_Children: []
  m_Father: {fileID: 4401717589112744}
  m_RootOrder: 0
  m_LocalEulerAnglesHint: {x: 0.4569696, y: -1.077842, z: -1.925895}
--- !u!1 &1326686593633074
GameObject:
  serializedVersion: 5
  m_Component:
  - component: {fileID: 4364727284306051}
  m_Layer: 0
  m_Name: Puppet_R_UpperArm
  m_TagString: Untagged
  m_Icon: {fileID: 0}
  m_NavMeshLayer: 0
  m_StaticEditorFlags: 0
  m_IsActive: 1
--- !u!4 &4364727284306051
Transform:
  m_GameObject: {fileID: 1326686593633074}
  m_LocalRotation: {x: -0.5859691, y: 0.6169863, z: -0.368013, w: -0.3748794}
  m_LocalPosition: {x: -0.4426587, y: 0.04286251, z: -0.5220848}
  m_LocalScale: {x: 1, y: 0.9999999, z: 1}
  m_Children:
  - {fileID: 4852486930066609}
  m_Father: {fileID: 4580579889685383}
  m_RootOrder: 2
  m_LocalEulerAnglesHint: {x: -178.1104, y: 63.36485, z: 94.12032}
--- !u!1 &1305585832683425
GameObject:
  serializedVersion: 5
  m_Component:
  - component: {fileID: 4852486930066609}
  m_Layer: 0
  m_Name: Puppet_R_Forearm
  m_TagString: Untagged
  m_Icon: {fileID: 0}
  m_NavMeshLayer: 0
  m_StaticEditorFlags: 0
  m_IsActive: 1
--- !u!4 &4852486930066609
Transform:
  m_GameObject: {fileID: 1305585832683425}
  m_LocalRotation: {x: -0.002695403, y: -0.4306507, z: -0.02798686, w: 0.9020806}
  m_LocalPosition: {x: -0.7532462, y: -2.384186E-07, z: 2.980232E-08}
  m_LocalScale: {x: 0.9999992, y: 0.9999998, z: 0.9999999}
  m_Children:
  - {fileID: 4506776796158219}
  m_Father: {fileID: 4364727284306051}
  m_RootOrder: 0
  m_LocalEulerAnglesHint: {x: 1.752047, y: 50.99711, z: 4.389719}
--- !u!1 &1541284405274133
GameObject:
  serializedVersion: 5
  m_Component:
  - component: {fileID: 4506776796158219}
  m_Layer: 0
  m_Name: Puppet_R_Hand
  m_TagString: Untagged
  m_Icon: {fileID: 0}
  m_NavMeshLayer: 0
  m_StaticEditorFlags: 0
  m_IsActive: 1
--- !u!4 &4506776796158219
Transform:
  m_GameObject: {fileID: 1541284405274133}
  m_LocalRotation: {x: -0.003828575, y: -0.009471136, z: 0.01676769, w: 0.9998072}
  m_LocalPosition: {x: -0.9287115, y: 0, z: 3.576279E-07}
  m_LocalScale: {x: 1, y: 1, z: 1}
  m_Children: []
  m_Father: {fileID: 4852486930066609}
  m_RootOrder: 0
  m_LocalEulerAnglesHint: {x: -0.4569217, y: 1.07781, z: -1.925924}
--- !u!1 &1465621370138527
GameObject:
  serializedVersion: 5
  m_Component:
  - component: {fileID: 4944898239202215}
  m_Layer: 0
  m_Name: Puppet_Tail1
  m_TagString: Untagged
  m_Icon: {fileID: 0}
  m_NavMeshLayer: 0
  m_StaticEditorFlags: 0
  m_IsActive: 1
--- !u!4 &4944898239202215
Transform:
  m_GameObject: {fileID: 1465621370138527}
  m_LocalRotation: {x: 0.04002738, y: 0.0001922136, z: 0.9991984, w: 0.0006161336}
  m_LocalPosition: {x: 0.2679507, y: -0.006239081, z: 1.268267E-07}
  m_LocalScale: {x: 0.9999996, y: 1, z: 1}
  m_Children:
  - {fileID: 4264896900322148}
  m_Father: {fileID: 4923186376875548}
  m_RootOrder: 1
  m_LocalEulerAnglesHint: {x: 0.02491431, y: 4.588011, z: -179.9283}
--- !u!1 &1829441872779885
GameObject:
  serializedVersion: 5
  m_Component:
  - component: {fileID: 4264896900322148}
  m_Layer: 0
  m_Name: Puppet_Tail2
  m_TagString: Untagged
  m_Icon: {fileID: 0}
  m_NavMeshLayer: 0
  m_StaticEditorFlags: 0
  m_IsActive: 1
--- !u!4 &4264896900322148
Transform:
  m_GameObject: {fileID: 1829441872779885}
  m_LocalRotation: {x: 0.01548043, y: 0.2068774, z: -0.07284824, w: 0.9755282}
  m_LocalPosition: {x: -0.7023755, y: -0.002527366, z: -0.008076712}
  m_LocalScale: {x: 1, y: 0.9999999, z: 1}
  m_Children:
  - {fileID: 4623569370072722}
  m_Father: {fileID: 4944898239202215}
  m_RootOrder: 0
  m_LocalEulerAnglesHint: {x: 0.003880114, y: -23.94659, z: 8.540526}
--- !u!1 &1716397176386439
GameObject:
  serializedVersion: 5
  m_Component:
  - component: {fileID: 4623569370072722}
  m_Layer: 0
  m_Name: Puppet_Tail3
  m_TagString: Untagged
  m_Icon: {fileID: 0}
  m_NavMeshLayer: 0
  m_StaticEditorFlags: 0
  m_IsActive: 1
--- !u!4 &4623569370072722
Transform:
  m_GameObject: {fileID: 1716397176386439}
  m_LocalRotation: {x: -0.07228243, y: 0.06573253, z: -0.1274866, w: 0.9870166}
  m_LocalPosition: {x: -0.5993888, y: -2.980232E-08, z: -2.980232E-08}
  m_LocalScale: {x: 0.9999998, y: 1, z: 1}
  m_Children:
  - {fileID: 4769142460204955}
  m_Father: {fileID: 4264896900322148}
  m_RootOrder: 0
  m_LocalEulerAnglesHint: {x: -9.232745, y: -6.391881, z: 15.23621}
--- !u!1 &1887442874536892
GameObject:
  serializedVersion: 5
  m_Component:
  - component: {fileID: 4769142460204955}
  m_Layer: 0
  m_Name: Puppet_Tail4
  m_TagString: Untagged
  m_Icon: {fileID: 0}
  m_NavMeshLayer: 0
  m_StaticEditorFlags: 0
  m_IsActive: 1
--- !u!4 &4769142460204955
Transform:
  m_GameObject: {fileID: 1887442874536892}
  m_LocalRotation: {x: -0.08055695, y: -0.1832682, z: -0.2544573, w: 0.9461368}
  m_LocalPosition: {x: -0.4500001, y: -1.117587E-08, z: 0}
  m_LocalScale: {x: 1, y: 0.9999999, z: 1}
  m_Children:
  - {fileID: 4466045845846014}
  m_Father: {fileID: 4623569370072722}
  m_RootOrder: 0
  m_LocalEulerAnglesHint: {x: -3.680407, y: 22.81706, z: 29.36336}
--- !u!1 &1035714097705416
GameObject:
  serializedVersion: 5
  m_Component:
  - component: {fileID: 4466045845846014}
  m_Layer: 0
  m_Name: Puppet_Tail5
  m_TagString: Untagged
  m_Icon: {fileID: 0}
  m_NavMeshLayer: 0
  m_StaticEditorFlags: 0
  m_IsActive: 1
--- !u!4 &4466045845846014
Transform:
  m_GameObject: {fileID: 1035714097705416}
  m_LocalRotation: {x: 0.08500157, y: -0.430998, z: -0.2083704, w: 0.8738405}
  m_LocalPosition: {x: -0.45, y: 2.980232E-08, z: 7.450581E-08}
  m_LocalScale: {x: 1, y: 0.9999999, z: 1}
  m_Children:
  - {fileID: 4042916852758036}
  m_Father: {fileID: 4769142460204955}
  m_RootOrder: 0
  m_LocalEulerAnglesHint: {x: 28.12237, y: 45.87506, z: 38.92457}
--- !u!1 &1714814370751780
GameObject:
  serializedVersion: 5
  m_Component:
  - component: {fileID: 4042916852758036}
  m_Layer: 0
  m_Name: Puppet_Tail6
  m_TagString: Untagged
  m_Icon: {fileID: 0}
  m_NavMeshLayer: 0
  m_StaticEditorFlags: 0
  m_IsActive: 1
--- !u!4 &4042916852758036
Transform:
  m_GameObject: {fileID: 1714814370751780}
  m_LocalRotation: {x: 0.1318273, y: -0.04769028, z: 0.461287, w: 0.8761059}
  m_LocalPosition: {x: -0.4613717, y: 5.960464E-08, z: 1.192093E-07}
  m_LocalScale: {x: 0.9999996, y: 1, z: 0.9999999}
  m_Children: []
  m_Father: {fileID: 4466045845846014}
  m_RootOrder: 0
  m_LocalEulerAnglesHint: {x: 11.01445, y: 11.84026, z: -54.38974}
--- !u!1 &1727843441716562
GameObject:
  serializedVersion: 5
  m_Component:
  - component: {fileID: 4373308821734071}
  m_Layer: 0
  m_Name: Puppet_Root
  m_TagString: Untagged
  m_Icon: {fileID: 0}
  m_NavMeshLayer: 0
  m_StaticEditorFlags: 0
  m_IsActive: 1
--- !u!4 &4373308821734071
Transform:
  m_GameObject: {fileID: 1727843441716562}
  m_LocalRotation: {x: -0.7071068, y: 0, z: 0, w: 0.7071068}
  m_LocalPosition: {x: 0, y: 0, z: 0}
  m_LocalScale: {x: 1, y: 1, z: 1}
  m_Children: []
  m_Father: {fileID: 4285121032200272}
  m_RootOrder: 3
  m_LocalEulerAnglesHint: {x: -90, y: 0, z: 0}
