%YAML 1.1
%TAG !u! tag:unity3d.com,2011:
--- !u!1001 &100100000
Prefab:
  serializedVersion: 2
  m_Modification:
    m_TransformParent: {fileID: 0}
    m_Modifications: []
    m_RemovedComponents: []
  m_ParentPrefab: {fileID: 0}
  m_RootGameObject: {fileID: 1936821239755905}
  m_IsPrefabParent: 1
--- !u!1 &1936821239755905
GameObject:
  serializedVersion: 5
  m_Component:
  - component: {fileID: 4879435912100763}
  - component: {fileID: 111852084618441370}
  - component: {fileID: 114151914669956884}
  - component: {fileID: 82237208079667696}
  - component: {fileID: 114043922206788727}
  - component: {fileID: 114845700892987658}
  m_Layer: 0
  m_Name: HailBall
  m_TagString: Untagged
  m_Icon: {fileID: 0}
  m_NavMeshLayer: 0
  m_StaticEditorFlags: 0
  m_IsActive: 1
--- !u!4 &4879435912100763
Transform:
  m_GameObject: {fileID: 1936821239755905}
  m_LocalRotation: {x: 0, y: 0, z: 0, w: 1}
  m_LocalPosition: {x: 0, y: 0, z: 0}
  m_LocalScale: {x: 1, y: 1, z: 1}
  m_Children:
  - {fileID: 4232880103446064}
  - {fileID: 4461871845718279}
  - {fileID: 4782883928873593}
  - {fileID: 4142147437645570}
  m_Father: {fileID: 0}
  m_RootOrder: 0
  m_LocalEulerAnglesHint: {x: 0, y: 0, z: 0}
--- !u!111 &111852084618441370
Animation:
  m_GameObject: {fileID: 1936821239755905}
  m_Enabled: 1
  serializedVersion: 3
  m_Animation: {fileID: 0}
  m_Animations:
  - {fileID: 7400000, guid: 21effe7249b2ae84e9e38e1e3a146bb6, type: 2}
  - {fileID: 7400000, guid: e6df08ead8b62534685bb5b8e2916d03, type: 2}
  - {fileID: 7400000, guid: 316eb1bea4764dd468c42b22089931c9, type: 2}
  - {fileID: 7400000, guid: e84bef836c2ecd54da4577a9ef1eaf8f, type: 2}
  - {fileID: 7400000, guid: 2e0c4e004a66bb84aaee5942cf107dc0, type: 2}
  - {fileID: 7400000, guid: 9a239176375c85f40a4f4f846f435f4c, type: 2}
  - {fileID: 7400000, guid: d57db057cb8641d42a36f78cfdbc042b, type: 2}
  - {fileID: 7400000, guid: 11cc4faff5e3e1c4ebc0e5ebf0cff9ed, type: 2}
  m_WrapMode: 0
  m_PlayAutomatically: 0
  m_AnimatePhysics: 0
  m_CullingType: 1
--- !u!114 &114151914669956884
MonoBehaviour:
  m_GameObject: {fileID: 1936821239755905}
  m_Enabled: 1
  m_EditorHideFlags: 0
  m_Script: {fileID: 11500000, guid: 203ebd45b8aad6940846389310fb33f6, type: 3}
  m_Name:
  m_EditorClassIdentifier:
  SpawnEffect: {fileID: 0}
  SpawnAudio: {fileID: 8300000, guid: f2730f436447fc74a8c7e95e33304805, type: 3}
  SpawnAudioDelaySecs: 0
  Intro: HailBall_Intro
  Idle: HailBall_Idle
  IntroLength: 2.5
  hpBar: {fileID: 0}
--- !u!82 &82237208079667696
AudioSource:
  m_GameObject: {fileID: 1936821239755905}
  m_Enabled: 1
  serializedVersion: 4
  OutputAudioMixerGroup: {fileID: 0}
  m_audioClip: {fileID: 0}
  m_PlayOnAwake: 0
  m_Volume: 1
  m_Pitch: 1
  Loop: 0
  Mute: 0
  Spatialize: 0
  SpatializePostEffects: 0
  Priority: 128
  DopplerLevel: 1
  MinDistance: 1
  MaxDistance: 500
  Pan2D: 0
  rolloffMode: 2
  BypassEffects: 0
  BypassListenerEffects: 0
  BypassReverbZones: 0
  rolloffCustomCurve:
    serializedVersion: 2
    m_Curve:
    - serializedVersion: 2
      time: 0
      value: 1
      inSlope: 0
      outSlope: 0
      tangentMode: 0
    - serializedVersion: 2
      time: 1
      value: 1
      inSlope: 0
      outSlope: 0
      tangentMode: 0
    m_PreInfinity: 2
    m_PostInfinity: 2
    m_RotationOrder: 0
  panLevelCustomCurve:
    serializedVersion: 2
    m_Curve:
    - serializedVersion: 2
      time: 0
      value: 0
      inSlope: 0
      outSlope: 0
      tangentMode: 0
    m_PreInfinity: 2
    m_PostInfinity: 2
    m_RotationOrder: 0
  spreadCustomCurve:
    serializedVersion: 2
    m_Curve:
    - serializedVersion: 2
      time: 0
      value: 0
      inSlope: 0
      outSlope: 0
      tangentMode: 0
    m_PreInfinity: 2
    m_PostInfinity: 2
    m_RotationOrder: 0
  reverbZoneMixCustomCurve:
    serializedVersion: 2
    m_Curve:
    - serializedVersion: 2
      time: 0
      value: 1
      inSlope: 0
      outSlope: 0
      tangentMode: 0
    m_PreInfinity: 2
    m_PostInfinity: 2
    m_RotationOrder: 0
--- !u!114 &114043922206788727
MonoBehaviour:
  m_GameObject: {fileID: 1936821239755905}
  m_Enabled: 1
  m_EditorHideFlags: 0
  m_Script: {fileID: 11500000, guid: 816f303b97b032a4d9e1a96b34158d44, type: 3}
  m_Name:
  m_EditorClassIdentifier:
  Tombstone: {fileID: 0}
  Timer: 0
  Idle:
  RemoveTombstone: 0
  DamageDealt: 0
  Flooped: 0
  Crash: 0
--- !u!114 &114845700892987658
MonoBehaviour:
  m_GameObject: {fileID: 1936821239755905}
  m_Enabled: 1
  m_EditorHideFlags: 0
  m_Script: {fileID: 11500000, guid: 9390b1f887e33a34caef2ef05f3f87a5, type: 3}
  m_Name:
  m_EditorClassIdentifier:
  animTarget: {fileID: 0}
  animName:
--- !u!1 &1610198793401306
GameObject:
  serializedVersion: 5
  m_Component:
  - component: {fileID: 4232880103446064}
  - component: {fileID: 137612664821110002}
  m_Layer: 0
  m_Name: HailBall
  m_TagString: Untagged
  m_Icon: {fileID: 0}
  m_NavMeshLayer: 0
  m_StaticEditorFlags: 0
  m_IsActive: 1
--- !u!4 &4232880103446064
Transform:
  m_GameObject: {fileID: 1610198793401306}
  m_LocalRotation: {x: -0.7071068, y: 0, z: 0, w: 0.7071068}
  m_LocalPosition: {x: 0, y: 0, z: 0}
  m_LocalScale: {x: 1, y: 1, z: 1}
  m_Children: []
  m_Father: {fileID: 4879435912100763}
  m_RootOrder: 0
  m_LocalEulerAnglesHint: {x: -90, y: 0, z: 0}
--- !u!137 &137612664821110002
SkinnedMeshRenderer:
  m_GameObject: {fileID: 1610198793401306}
  m_Enabled: 1
  m_CastShadows: 1
  m_ReceiveShadows: 1
  m_DynamicOccludee: 1
  m_MotionVectors: 1
  m_LightProbeUsage: 1
  m_ReflectionProbeUsage: 1
  m_Materials:
  - {fileID: 2100000, guid: f503f6f7b290492439663d9350bbe3f4, type: 2}
  m_StaticBatchInfo:
    firstSubMesh: 0
    subMeshCount: 0
  m_StaticBatchRoot: {fileID: 0}
  m_ProbeAnchor: {fileID: 0}
  m_LightProbeVolumeOverride: {fileID: 0}
  m_ScaleInLightmap: 1
  m_PreserveUVs: 0
  m_IgnoreNormalsForChartDetection: 0
  m_ImportantGI: 0
  m_StitchLightmapSeams: 0
  m_SelectedEditorRenderState: 3
  m_MinimumChartSize: 4
  m_AutoUVMaxDistance: 0.5
  m_AutoUVMaxAngle: 89
  m_LightmapParameters: {fileID: 0}
  m_SortingLayerID: 0
  m_SortingLayer: 0
  m_SortingOrder: 0
  serializedVersion: 2
  m_Quality: 0
  m_UpdateWhenOffscreen: 0
  m_skinnedMotionVectors: 0
  m_Mesh: {fileID: 4300000, guid: 5b9dd24b09bb89046934dde5b15bb446, type: 2}
  m_Bones:
  - {fileID: 4180246695613955}
  - {fileID: 4782883928873593}
  - {fileID: 4744225719538532}
  - {fileID: 4814331130527444}
  - {fileID: 4184439206024681}
  - {fileID: 4370593110172432}
  - {fileID: 4843965534827968}
  - {fileID: 4898068351815007}
  - {fileID: 4243347523358850}
  - {fileID: 4803224449654619}
  - {fileID: 4848281045693620}
  - {fileID: 4070273930781675}
  - {fileID: 4474323593969553}
  m_BlendShapeWeights: []
  m_RootBone: {fileID: 4782883928873593}
  m_AABB:
    m_Center: {x: 0.4449968, y: -0.01356131, z: 0.0001013279}
    m_Extent: {x: 1.113531, y: 0.5614424, z: 1.273802}
  m_DirtyAABB: 0
--- !u!1 &1137977323219747
GameObject:
  serializedVersion: 5
  m_Component:
  - component: {fileID: 4461871845718279}
  - component: {fileID: 137915193130683864}
  m_Layer: 0
  m_Name: HailBalll_Outline
  m_TagString: Untagged
  m_Icon: {fileID: 0}
  m_NavMeshLayer: 0
  m_StaticEditorFlags: 0
  m_IsActive: 1
--- !u!4 &4461871845718279
Transform:
  m_GameObject: {fileID: 1137977323219747}
  m_LocalRotation: {x: -0.7071068, y: 0, z: 0, w: 0.7071068}
  m_LocalPosition: {x: 0, y: 0, z: 0}
  m_LocalScale: {x: 1, y: 1, z: 1}
  m_Children: []
  m_Father: {fileID: 4879435912100763}
  m_RootOrder: 1
  m_LocalEulerAnglesHint: {x: -90, y: 0, z: 0}
--- !u!137 &137915193130683864
SkinnedMeshRenderer:
  m_GameObject: {fileID: 1137977323219747}
  m_Enabled: 1
  m_CastShadows: 1
  m_ReceiveShadows: 1
  m_DynamicOccludee: 1
  m_MotionVectors: 1
  m_LightProbeUsage: 1
  m_ReflectionProbeUsage: 1
  m_Materials:
  - {fileID: 2100000, guid: f503f6f7b290492439663d9350bbe3f4, type: 2}
  m_StaticBatchInfo:
    firstSubMesh: 0
    subMeshCount: 0
  m_StaticBatchRoot: {fileID: 0}
  m_ProbeAnchor: {fileID: 0}
  m_LightProbeVolumeOverride: {fileID: 0}
  m_ScaleInLightmap: 1
  m_PreserveUVs: 0
  m_IgnoreNormalsForChartDetection: 0
  m_ImportantGI: 0
  m_StitchLightmapSeams: 0
  m_SelectedEditorRenderState: 3
  m_MinimumChartSize: 4
  m_AutoUVMaxDistance: 0.5
  m_AutoUVMaxAngle: 89
  m_LightmapParameters: {fileID: 0}
  m_SortingLayerID: 0
  m_SortingLayer: 0
  m_SortingOrder: 0
  serializedVersion: 2
  m_Quality: 0
  m_UpdateWhenOffscreen: 0
  m_skinnedMotionVectors: 0
  m_Mesh: {fileID: 4300000, guid: 671ab8eec8d659e4bbe6099ab4d3a525, type: 2}
  m_Bones:
  - {fileID: 4782883928873593}
  - {fileID: 4814331130527444}
  - {fileID: 4184439206024681}
  - {fileID: 4370593110172432}
  - {fileID: 4843965534827968}
  - {fileID: 4180246695613955}
  - {fileID: 4898068351815007}
  - {fileID: 4243347523358850}
  - {fileID: 4803224449654619}
  - {fileID: 4848281045693620}
  - {fileID: 4070273930781675}
  - {fileID: 4474323593969553}
  - {fileID: 4744225719538532}
  m_BlendShapeWeights: []
  m_RootBone: {fileID: 4782883928873593}
  m_AABB:
    m_Center: {x: 0.4449821, y: -0.0132758, z: 0.0003045797}
    m_Extent: {x: 1.14298, y: 0.5910286, z: 1.305845}
  m_DirtyAABB: 0
--- !u!1 &1801269192019932
GameObject:
  serializedVersion: 5
  m_Component:
  - component: {fileID: 4782883928873593}
  m_Layer: 0
  m_Name: Puppet_Pelvis
  m_TagString: Untagged
  m_Icon: {fileID: 0}
  m_NavMeshLayer: 0
  m_StaticEditorFlags: 0
  m_IsActive: 1
--- !u!4 &4782883928873593
Transform:
  m_GameObject: {fileID: 1801269192019932}
  m_LocalRotation: {x: 0.4999998, y: -0.4999998, z: -0.5000003, w: 0.5000003}
  m_LocalPosition: {x: 0, y: 1.53672, z: -3.278255E-07}
  m_LocalScale: {x: 1, y: 1, z: 1}
  m_Children:
  - {fileID: 4814331130527444}
  - {fileID: 4180246695613955}
  - {fileID: 4744225719538532}
  - {fileID: 4184439206024681}
  m_Father: {fileID: 4879435912100763}
  m_RootOrder: 2
  m_LocalEulerAnglesHint: {x: 89.99994, y: 0, z: 90}
--- !u!1 &1036495363955247
GameObject:
  serializedVersion: 5
  m_Component:
  - component: {fileID: 4814331130527444}
  m_Layer: 0
  m_Name: Puppet_L_Thigh
  m_TagString: Untagged
  m_Icon: {fileID: 0}
  m_NavMeshLayer: 0
  m_StaticEditorFlags: 0
  m_IsActive: 1
--- !u!4 &4814331130527444
Transform:
  m_GameObject: {fileID: 1036495363955247}
  m_LocalRotation: {x: -0.0151597, y: 0.9998613, z: 0.006895517, w: -0.0001042044}
  m_LocalPosition: {x: 0.5542612, y: -4.27457E-07, z: 0.2711278}
  m_LocalScale: {x: 1, y: 1, z: 1}
  m_Children:
  - {fileID: 4803224449654619}
  m_Father: {fileID: 4782883928873593}
  m_RootOrder: 0
  m_LocalEulerAnglesHint: {x: 179.2097, y: -3.94193E-05, z: 178.2627}
--- !u!1 &1911166169948019
GameObject:
  serializedVersion: 5
  m_Component:
  - component: {fileID: 4803224449654619}
  m_Layer: 0
  m_Name: Puppet_L_Calf
  m_TagString: Untagged
  m_Icon: {fileID: 0}
  m_NavMeshLayer: 0
  m_StaticEditorFlags: 0
  m_IsActive: 1
--- !u!4 &4803224449654619
Transform:
  m_GameObject: {fileID: 1911166169948019}
  m_LocalRotation: {x: 0.004021811, y: -0.00368949, z: 0.03718739, w: 0.9992934}
  m_LocalPosition: {x: -0.3991524, y: 0.006129771, z: -0.002174675}
  m_LocalScale: {x: 1, y: 0.9999999, z: 0.9999998}
  m_Children:
  - {fileID: 4848281045693620}
  m_Father: {fileID: 4814331130527444}
  m_RootOrder: 0
  m_LocalEulerAnglesHint: {x: 0.4448353, y: 0.4396284, z: -4.260701}
--- !u!1 &1668833813599040
GameObject:
  serializedVersion: 5
  m_Component:
  - component: {fileID: 4848281045693620}
  m_Layer: 0
  m_Name: Puppet_L_Foot
  m_TagString: Untagged
  m_Icon: {fileID: 0}
  m_NavMeshLayer: 0
  m_StaticEditorFlags: 0
  m_IsActive: 1
--- !u!4 &4848281045693620
Transform:
  m_GameObject: {fileID: 1668833813599040}
  m_LocalRotation: {x: -0.001065183, y: 0.004241077, z: -0.8013384, w: 0.5981953}
  m_LocalPosition: {x: -0.591206, y: -6.938353E-08, z: 0}
  m_LocalScale: {x: 0.9999998, y: 0.9999996, z: 1}
  m_Children: []
  m_Father: {fileID: 4803224449654619}
  m_RootOrder: 0
  m_LocalEulerAnglesHint: {x: -0.4624677, y: -0.1929062, z: 106.5184}
--- !u!1 &1925906738225585
GameObject:
  serializedVersion: 5
  m_Component:
  - component: {fileID: 4180246695613955}
  m_Layer: 0
  m_Name: Puppet_L_UpperArm
  m_TagString: Untagged
  m_Icon: {fileID: 0}
  m_NavMeshLayer: 0
  m_StaticEditorFlags: 0
  m_IsActive: 1
--- !u!4 &4180246695613955
Transform:
  m_GameObject: {fileID: 1925906738225585}
  m_LocalRotation: {x: 0.01338833, y: -0.7147276, z: -0.01369454, w: 0.6991407}
  m_LocalPosition: {x: 0.07325912, y: 0.01427225, z: -0.5197346}
  m_LocalScale: {x: 1, y: 1, z: 0.9999999}
  m_Children:
  - {fileID: 4898068351815007}
  m_Father: {fileID: 4782883928873593}
  m_RootOrder: 1
  m_LocalEulerAnglesHint: {x: 119.9092, y: 87.46782, z: 119.934}
--- !u!1 &1410841729586097
GameObject:
  serializedVersion: 5
  m_Component:
  - component: {fileID: 4898068351815007}
  m_Layer: 0
  m_Name: Puppet_L_Forearm
  m_TagString: Untagged
  m_Icon: {fileID: 0}
  m_NavMeshLayer: 0
  m_StaticEditorFlags: 0
  m_IsActive: 1
--- !u!4 &4898068351815007
Transform:
  m_GameObject: {fileID: 1410841729586097}
  m_LocalRotation: {x: -0.009181691, y: 0.0005076453, z: -0.4274333, w: 0.9040002}
  m_LocalPosition: {x: -0.3374463, y: 0.0003173184, z: 0.007441163}
  m_LocalScale: {x: 0.9999994, y: 0.9999998, z: 1}
  m_Children:
  - {fileID: 4243347523358850}
  m_Father: {fileID: 4180246695613955}
  m_RootOrder: 0
  m_LocalEulerAnglesHint: {x: -0.9760738, y: 0.3971373, z: 50.60847}
--- !u!1 &1135091220141828
GameObject:
  serializedVersion: 5
  m_Component:
  - component: {fileID: 4243347523358850}
  m_Layer: 0
  m_Name: Puppet_L_Hand
  m_TagString: Untagged
  m_Icon: {fileID: 0}
  m_NavMeshLayer: 0
  m_StaticEditorFlags: 0
  m_IsActive: 1
--- !u!4 &4243347523358850
Transform:
  m_GameObject: {fileID: 1135091220141828}
  m_LocalRotation: {x: 0.0004066535, y: 0.01045655, z: 0.04095446, w: 0.9991062}
  m_LocalPosition: {x: -0.3567081, y: -0.00417608, z: 0.007466912}
  m_LocalScale: {x: 1.000001, y: 1, z: 1}
  m_Children: []
  m_Father: {fileID: 4898068351815007}
  m_RootOrder: 0
  m_LocalEulerAnglesHint: {x: 0.09565122, y: -1.19534, z: -4.695603}
--- !u!1 &1175007767906950
GameObject:
  serializedVersion: 5
  m_Component:
  - component: {fileID: 4744225719538532}
  m_Layer: 0
  m_Name: Puppet_R_Thigh
  m_TagString: Untagged
  m_Icon: {fileID: 0}
  m_NavMeshLayer: 0
  m_StaticEditorFlags: 0
  m_IsActive: 1
--- !u!4 &4744225719538532
Transform:
  m_GameObject: {fileID: 1175007767906950}
  m_LocalRotation: {x: -0.02281713, y: 0.999712, z: -0.006936591, w: -0.002672046}
  m_LocalPosition: {x: 0.5542612, y: 1.696569E-07, z: -0.2711276}
  m_LocalScale: {x: 1, y: 1, z: 1}
  m_Children:
  - {fileID: 4070273930781675}
  m_Father: {fileID: 4782883928873593}
  m_RootOrder: 2
  m_LocalEulerAnglesHint: {x: -179.2123, y: 0.3242442, z: 177.3873}
--- !u!1 &1035966001145913
GameObject:
  serializedVersion: 5
  m_Component:
  - component: {fileID: 4070273930781675}
  m_Layer: 0
  m_Name: Puppet_R_Calf
  m_TagString: Untagged
  m_Icon: {fileID: 0}
  m_NavMeshLayer: 0
  m_StaticEditorFlags: 0
  m_IsActive: 1
--- !u!4 &4070273930781675
Transform:
  m_GameObject: {fileID: 1035966001145913}
  m_LocalRotation: {x: -0.00415125, y: 0.0009366015, z: 0.04484755, w: 0.9989848}
  m_LocalPosition: {x: -0.3992054, y: -4.470348E-08, z: 2.980232E-08}
  m_LocalScale: {x: 0.9999998, y: 0.9999996, z: 0.9999998}
  m_Children:
  - {fileID: 4474323593969553}
  m_Father: {fileID: 4744225719538532}
  m_RootOrder: 0
  m_LocalEulerAnglesHint: {x: -0.4704084, y: -0.1285517, z: -5.140394}
--- !u!1 &1120042311725939
GameObject:
  serializedVersion: 5
  m_Component:
  - component: {fileID: 4474323593969553}
  m_Layer: 0
  m_Name: Puppet_R_Foot
  m_TagString: Untagged
  m_Icon: {fileID: 0}
  m_NavMeshLayer: 0
  m_StaticEditorFlags: 0
  m_IsActive: 1
--- !u!4 &4474323593969553
Transform:
  m_GameObject: {fileID: 1120042311725939}
  m_LocalRotation: {x: 0.00106493, y: -0.004241341, z: -0.8013377, w: 0.5981963}
  m_LocalPosition: {x: -0.5912061, y: -6.938353E-08, z: 0}
  m_LocalScale: {x: 1, y: 1, z: 1}
  m_Children: []
  m_Father: {fileID: 4070273930781675}
  m_RootOrder: 0
  m_LocalEulerAnglesHint: {x: 0.4624743, y: 0.192948, z: 106.5183}
--- !u!1 &1721591008543980
GameObject:
  serializedVersion: 5
  m_Component:
  - component: {fileID: 4184439206024681}
  m_Layer: 0
  m_Name: Puppet_R_UpperArm
  m_TagString: Untagged
  m_Icon: {fileID: 0}
  m_NavMeshLayer: 0
  m_StaticEditorFlags: 0
  m_IsActive: 1
--- !u!4 &4184439206024681
Transform:
  m_GameObject: {fileID: 1721591008543980}
  m_LocalRotation: {x: -0.01907339, y: 0.7145982, z: -0.01925573, w: 0.6990099}
  m_LocalPosition: {x: 0.073259, y: 0.01427111, z: 0.5197346}
  m_LocalScale: {x: 1, y: 0.9999999, z: 1}
  m_Children:
  - {fileID: 4370593110172432}
  m_Father: {fileID: 4782883928873593}
  m_RootOrder: 3
  m_LocalEulerAnglesHint: {x: -112.124, y: -86.64674, z: 112.1388}
--- !u!1 &1697375443923440
GameObject:
  serializedVersion: 5
  m_Component:
  - component: {fileID: 4370593110172432}
  m_Layer: 0
  m_Name: Puppet_R_Forearm
  m_TagString: Untagged
  m_Icon: {fileID: 0}
  m_NavMeshLayer: 0
  m_StaticEditorFlags: 0
  m_IsActive: 1
--- !u!4 &4370593110172432
Transform:
  m_GameObject: {fileID: 1697375443923440}
  m_LocalRotation: {x: 0.004729054, y: -0.009957613, z: -0.414984, w: 0.909762}
  m_LocalPosition: {x: -0.3374087, y: -0.005051968, z: -0.007440925}
  m_LocalScale: {x: 1, y: 1, z: 0.9999999}
  m_Children:
  - {fileID: 4843965534827968}
  m_Father: {fileID: 4184439206024681}
  m_RootOrder: 0
  m_LocalEulerAnglesHint: {x: 0.966673, y: 0.813235, z: 49.04665}
--- !u!1 &1867226791913665
GameObject:
  serializedVersion: 5
  m_Component:
  - component: {fileID: 4843965534827968}
  m_Layer: 0
  m_Name: Puppet_R_Hand
  m_TagString: Untagged
  m_Icon: {fileID: 0}
  m_NavMeshLayer: 0
  m_StaticEditorFlags: 0
  m_IsActive: 1
--- !u!4 &4843965534827968
Transform:
  m_GameObject: {fileID: 1867226791913665}
  m_LocalRotation: {x: -0.7067776, y: -0.02158341, z: 0.02158348, w: 0.706777}
  m_LocalPosition: {x: -0.3568105, y: -5.960464E-08, z: 1.192093E-07}
  m_LocalScale: {x: 0.9999998, y: 1, z: 0.9999993}
  m_Children: []
  m_Father: {fileID: 4370593110172432}
  m_RootOrder: 0
  m_LocalEulerAnglesHint: {x: -90.00005, y: -6.606765E-06, z: -3.49829}
--- !u!1 &1961161832738535
GameObject:
  serializedVersion: 5
  m_Component:
  - component: {fileID: 4142147437645570}
  m_Layer: 0
  m_Name: Puppet_Root
  m_TagString: Untagged
  m_Icon: {fileID: 0}
  m_NavMeshLayer: 0
  m_StaticEditorFlags: 0
  m_IsActive: 1
--- !u!4 &4142147437645570
Transform:
  m_GameObject: {fileID: 1961161832738535}
  m_LocalRotation: {x: -0.7071068, y: 0, z: 0, w: 0.7071068}
  m_LocalPosition: {x: 0, y: 0, z: 0}
  m_LocalScale: {x: 1, y: 1, z: 1}
  m_Children: []
  m_Father: {fileID: 4879435912100763}
  m_RootOrder: 3
  m_LocalEulerAnglesHint: {x: -90, y: 0, z: 0}
