%YAML 1.1
%TAG !u! tag:unity3d.com,2011:
--- !u!1001 &100100000
Prefab:
  serializedVersion: 2
  m_Modification:
    m_TransformParent: {fileID: 0}
    m_Modifications: []
    m_RemovedComponents: []
  m_ParentPrefab: {fileID: 0}
  m_RootGameObject: {fileID: 1626512951639555}
  m_IsPrefabParent: 1
--- !u!1 &1626512951639555
GameObject:
  serializedVersion: 5
  m_Component:
  - component: {fileID: 4295200928448011}
  - component: {fileID: 111586343524942270}
  - component: {fileID: 114727120956285448}
  - component: {fileID: 82566802209094057}
  - component: {fileID: 114687803418260646}
  - component: {fileID: 114633542245704467}
  m_Layer: 0
  m_Name: HateBird
  m_TagString: Untagged
  m_Icon: {fileID: 0}
  m_NavMeshLayer: 0
  m_StaticEditorFlags: 0
  m_IsActive: 1
--- !u!4 &4295200928448011
Transform:
  m_GameObject: {fileID: 1626512951639555}
  m_LocalRotation: {x: 0, y: 0, z: 0, w: 1}
  m_LocalPosition: {x: 0, y: 0, z: 0}
  m_LocalScale: {x: 1, y: 1, z: 1}
  m_Children:
  - {fileID: 4288534009391954}
  - {fileID: 4250519022726176}
  - {fileID: 4474514749827732}
  - {fileID: 4459827316951668}
  m_Father: {fileID: 0}
  m_RootOrder: 0
  m_LocalEulerAnglesHint: {x: 0, y: 0, z: 0}
--- !u!111 &111586343524942270
Animation:
  m_GameObject: {fileID: 1626512951639555}
  m_Enabled: 1
  serializedVersion: 3
  m_Animation: {fileID: 0}
  m_Animations:
  - {fileID: 7400000, guid: cc27410ad240f4d45be62054ff1f3475, type: 2}
  - {fileID: 7400000, guid: 8081186856e34ac409d4fa502f34055e, type: 2}
  - {fileID: 7400000, guid: 316eb1bea4764dd468c42b22089931c9, type: 2}
  - {fileID: 7400000, guid: e84bef836c2ecd54da4577a9ef1eaf8f, type: 2}
  - {fileID: 7400000, guid: 2e0c4e004a66bb84aaee5942cf107dc0, type: 2}
  - {fileID: 7400000, guid: 9a239176375c85f40a4f4f846f435f4c, type: 2}
  - {fileID: 7400000, guid: d57db057cb8641d42a36f78cfdbc042b, type: 2}
  - {fileID: 7400000, guid: 11cc4faff5e3e1c4ebc0e5ebf0cff9ed, type: 2}
  m_WrapMode: 0
  m_PlayAutomatically: 0
  m_AnimatePhysics: 0
  m_CullingType: 1
--- !u!114 &114727120956285448
MonoBehaviour:
  m_GameObject: {fileID: 1626512951639555}
  m_Enabled: 1
  m_EditorHideFlags: 0
  m_Script: {fileID: 11500000, guid: 203ebd45b8aad6940846389310fb33f6, type: 3}
  m_Name:
  m_EditorClassIdentifier:
  SpawnEffect: {fileID: 0}
  SpawnAudio: {fileID: 8300000, guid: f2730f436447fc74a8c7e95e33304805, type: 3}
  SpawnAudioDelaySecs: 0
  Intro: HateBird_Intro
  Idle: HateBird_Idle
  IntroLength: 2.5
  hpBar: {fileID: 0}
--- !u!82 &82566802209094057
AudioSource:
  m_GameObject: {fileID: 1626512951639555}
  m_Enabled: 1
  serializedVersion: 4
  OutputAudioMixerGroup: {fileID: 0}
  m_audioClip: {fileID: 0}
  m_PlayOnAwake: 0
  m_Volume: 1
  m_Pitch: 1
  Loop: 0
  Mute: 0
  Spatialize: 0
  SpatializePostEffects: 0
  Priority: 128
  DopplerLevel: 1
  MinDistance: 1
  MaxDistance: 500
  Pan2D: 0
  rolloffMode: 2
  BypassEffects: 0
  BypassListenerEffects: 0
  BypassReverbZones: 0
  rolloffCustomCurve:
    serializedVersion: 2
    m_Curve:
    - serializedVersion: 2
      time: 0
      value: 1
      inSlope: 0
      outSlope: 0
      tangentMode: 0
    - serializedVersion: 2
      time: 1
      value: 1
      inSlope: 0
      outSlope: 0
      tangentMode: 0
    m_PreInfinity: 2
    m_PostInfinity: 2
    m_RotationOrder: 0
  panLevelCustomCurve:
    serializedVersion: 2
    m_Curve:
    - serializedVersion: 2
      time: 0
      value: 0
      inSlope: 0
      outSlope: 0
      tangentMode: 0
    m_PreInfinity: 2
    m_PostInfinity: 2
    m_RotationOrder: 0
  spreadCustomCurve:
    serializedVersion: 2
    m_Curve:
    - serializedVersion: 2
      time: 0
      value: 0
      inSlope: 0
      outSlope: 0
      tangentMode: 0
    m_PreInfinity: 2
    m_PostInfinity: 2
    m_RotationOrder: 0
  reverbZoneMixCustomCurve:
    serializedVersion: 2
    m_Curve:
    - serializedVersion: 2
      time: 0
      value: 1
      inSlope: 0
      outSlope: 0
      tangentMode: 0
    m_PreInfinity: 2
    m_PostInfinity: 2
    m_RotationOrder: 0
--- !u!114 &114687803418260646
MonoBehaviour:
  m_GameObject: {fileID: 1626512951639555}
  m_Enabled: 1
  m_EditorHideFlags: 0
  m_Script: {fileID: 11500000, guid: 816f303b97b032a4d9e1a96b34158d44, type: 3}
  m_Name:
  m_EditorClassIdentifier:
  Tombstone: {fileID: 0}
  Timer: 0
  Idle:
  RemoveTombstone: 0
  DamageDealt: 0
  Flooped: 0
  Crash: 0
--- !u!114 &114633542245704467
MonoBehaviour:
  m_GameObject: {fileID: 1626512951639555}
  m_Enabled: 1
  m_EditorHideFlags: 0
  m_Script: {fileID: 11500000, guid: 9390b1f887e33a34caef2ef05f3f87a5, type: 3}
  m_Name:
  m_EditorClassIdentifier:
  animTarget: {fileID: 0}
  animName:
--- !u!1 &1153457444052085
GameObject:
  serializedVersion: 5
  m_Component:
  - component: {fileID: 4288534009391954}
  - component: {fileID: 137834543008414657}
  m_Layer: 0
  m_Name: HateBird
  m_TagString: Untagged
  m_Icon: {fileID: 0}
  m_NavMeshLayer: 0
  m_StaticEditorFlags: 0
  m_IsActive: 1
--- !u!4 &4288534009391954
Transform:
  m_GameObject: {fileID: 1153457444052085}
  m_LocalRotation: {x: -0.7071068, y: 0, z: 0, w: 0.7071068}
  m_LocalPosition: {x: -9.019344E-07, y: 0, z: 0}
  m_LocalScale: {x: 1, y: 1, z: 1}
  m_Children: []
  m_Father: {fileID: 4295200928448011}
  m_RootOrder: 0
  m_LocalEulerAnglesHint: {x: -90, y: 0, z: 0}
--- !u!137 &137834543008414657
SkinnedMeshRenderer:
  m_GameObject: {fileID: 1153457444052085}
  m_Enabled: 1
  m_CastShadows: 1
  m_ReceiveShadows: 1
  m_DynamicOccludee: 1
  m_MotionVectors: 1
  m_LightProbeUsage: 1
  m_ReflectionProbeUsage: 1
  m_Materials:
  - {fileID: 2100000, guid: 8474878fdc8415a4ebd5586711821fc4, type: 2}
  m_StaticBatchInfo:
    firstSubMesh: 0
    subMeshCount: 0
  m_StaticBatchRoot: {fileID: 0}
  m_ProbeAnchor: {fileID: 0}
  m_LightProbeVolumeOverride: {fileID: 0}
  m_ScaleInLightmap: 1
  m_PreserveUVs: 0
  m_IgnoreNormalsForChartDetection: 0
  m_ImportantGI: 0
  m_StitchLightmapSeams: 0
  m_SelectedEditorRenderState: 3
  m_MinimumChartSize: 4
  m_AutoUVMaxDistance: 0.5
  m_AutoUVMaxAngle: 89
  m_LightmapParameters: {fileID: 0}
  m_SortingLayerID: 0
  m_SortingLayer: 0
  m_SortingOrder: 0
  serializedVersion: 2
  m_Quality: 0
  m_UpdateWhenOffscreen: 0
  m_skinnedMotionVectors: 0
  m_Mesh: {fileID: 4300000, guid: bbcddbf9d51e8b14eaf1733a4ec1d9a4, type: 2}
  m_Bones:
  - {fileID: 4565777348402679}
  - {fileID: 4112687281503466}
  - {fileID: 4064606925894067}
  - {fileID: 4450731516084549}
  - {fileID: 4081557167806334}
  - {fileID: 4291448526723933}
  - {fileID: 4272855391367327}
  - {fileID: 4830337808594818}
  - {fileID: 4308158621768947}
  - {fileID: 4914611564913774}
  - {fileID: 4295406432554568}
  - {fileID: 4273289993865928}
  - {fileID: 4668898349103389}
  m_BlendShapeWeights: []
  m_RootBone: {fileID: 4668898349103389}
  m_AABB:
    m_Center: {x: 0.6985225, y: 0.2924942, z: 5.543232E-06}
    m_Extent: {x: 0.8194087, y: 1.226403, z: 0.8713271}
  m_DirtyAABB: 0
--- !u!1 &1672204077861316
GameObject:
  serializedVersion: 5
  m_Component:
  - component: {fileID: 4250519022726176}
  - component: {fileID: 137679780615112912}
  m_Layer: 0
  m_Name: HateBird_Outline
  m_TagString: Untagged
  m_Icon: {fileID: 0}
  m_NavMeshLayer: 0
  m_StaticEditorFlags: 0
  m_IsActive: 1
--- !u!4 &4250519022726176
Transform:
  m_GameObject: {fileID: 1672204077861316}
  m_LocalRotation: {x: -0.7071068, y: 0, z: 0, w: 0.7071068}
  m_LocalPosition: {x: -9.019344E-07, y: 0, z: 0}
  m_LocalScale: {x: 1, y: 1, z: 1}
  m_Children: []
  m_Father: {fileID: 4295200928448011}
  m_RootOrder: 1
  m_LocalEulerAnglesHint: {x: -90, y: 0, z: 0}
--- !u!137 &137679780615112912
SkinnedMeshRenderer:
  m_GameObject: {fileID: 1672204077861316}
  m_Enabled: 1
  m_CastShadows: 1
  m_ReceiveShadows: 1
  m_DynamicOccludee: 1
  m_MotionVectors: 1
  m_LightProbeUsage: 1
  m_ReflectionProbeUsage: 1
  m_Materials:
  - {fileID: 2100000, guid: 8474878fdc8415a4ebd5586711821fc4, type: 2}
  m_StaticBatchInfo:
    firstSubMesh: 0
    subMeshCount: 0
  m_StaticBatchRoot: {fileID: 0}
  m_ProbeAnchor: {fileID: 0}
  m_LightProbeVolumeOverride: {fileID: 0}
  m_ScaleInLightmap: 1
  m_PreserveUVs: 0
  m_IgnoreNormalsForChartDetection: 0
  m_ImportantGI: 0
  m_StitchLightmapSeams: 0
  m_SelectedEditorRenderState: 3
  m_MinimumChartSize: 4
  m_AutoUVMaxDistance: 0.5
  m_AutoUVMaxAngle: 89
  m_LightmapParameters: {fileID: 0}
  m_SortingLayerID: 0
  m_SortingLayer: 0
  m_SortingOrder: 0
  serializedVersion: 2
  m_Quality: 0
  m_UpdateWhenOffscreen: 0
  m_skinnedMotionVectors: 0
  m_Mesh: {fileID: 4300000, guid: 084fd6ce73514e4488c55eaf06cf34be, type: 2}
  m_Bones:
  - {fileID: 4112687281503466}
  - {fileID: 4565777348402679}
  - {fileID: 4064606925894067}
  - {fileID: 4450731516084549}
  - {fileID: 4081557167806334}
  - {fileID: 4272855391367327}
  - {fileID: 4291448526723933}
  - {fileID: 4830337808594818}
  - {fileID: 4308158621768947}
  - {fileID: 4914611564913774}
  - {fileID: 4295406432554568}
  - {fileID: 4273289993865928}
  - {fileID: 4668898349103389}
  m_BlendShapeWeights: []
  m_RootBone: {fileID: 4668898349103389}
  m_AABB:
    m_Center: {x: 0.7001541, y: 0.2930924, z: 5.722046E-06}
    m_Extent: {x: 0.8476102, y: 1.254609, z: 0.9084158}
  m_DirtyAABB: 0
--- !u!1 &1024007907210239
GameObject:
  serializedVersion: 5
  m_Component:
  - component: {fileID: 4474514749827732}
  m_Layer: 0
  m_Name: Puppet_Global
  m_TagString: Untagged
  m_Icon: {fileID: 0}
  m_NavMeshLayer: 0
  m_StaticEditorFlags: 0
  m_IsActive: 1
--- !u!4 &4474514749827732
Transform:
  m_GameObject: {fileID: 1024007907210239}
  m_LocalRotation: {x: 2.77018E-06, y: -2.655254E-06, z: -0.7000018, w: 0.7141412}
  m_LocalPosition: {x: 0, y: 0, z: 1.816733E-10}
  m_LocalScale: {x: 1, y: 1, z: 1}
  m_Children:
  - {fileID: 4450731516084549}
  - {fileID: 4272855391367327}
  - {fileID: 4291448526723933}
  - {fileID: 4830337808594818}
  - {fileID: 4308158621768947}
  - {fileID: 4112687281503466}
  - {fileID: 4295406432554568}
  - {fileID: 4273289993865928}
  - {fileID: 4914611564913774}
  - {fileID: 4081557167806334}
  - {fileID: 4064606925894067}
  - {fileID: 4565777348402679}
  - {fileID: 4668898349103389}
  m_Father: {fileID: 4295200928448011}
  m_RootOrder: 2
  m_LocalEulerAnglesHint: {x: 0.0004396857, y: -4.916551E-06, z: 88.85429}
--- !u!1 &1333372675542107
GameObject:
  serializedVersion: 5
  m_Component:
  - component: {fileID: 4450731516084549}
  m_Layer: 0
  m_Name: Puppet_Head
  m_TagString: Untagged
  m_Icon: {fileID: 0}
  m_NavMeshLayer: 0
  m_StaticEditorFlags: 0
  m_IsActive: 1
--- !u!4 &4450731516084549
Transform:
  m_GameObject: {fileID: 1333372675542107}
  m_LocalRotation: {x: 0.706995, y: -0.01242111, z: -0.001717865, w: 0.7071074}
  m_LocalPosition: {x: -1.401065, y: 0.02802173, z: 0.2178348}
  m_LocalScale: {x: 0.9999999, y: 0.9999997, z: 0.9999996}
  m_Children: []
  m_Father: {fileID: 4474514749827732}
  m_RootOrder: 0
  m_LocalEulerAnglesHint: {x: 89.99957, y: 0.8673234, z: 1.145708}
--- !u!1 &1676111558879475
GameObject:
  serializedVersion: 5
  m_Component:
  - component: {fileID: 4272855391367327}
  m_Layer: 0
  m_Name: Puppet_L_Calf
  m_TagString: Untagged
  m_Icon: {fileID: 0}
  m_NavMeshLayer: 0
  m_StaticEditorFlags: 0
  m_IsActive: 1
--- !u!4 &4272855391367327
Transform:
  m_GameObject: {fileID: 1676111558879475}
  m_LocalRotation: {x: 0.01541222, y: 0.7069415, z: 0.707103, w: -0.001273335}
  m_LocalPosition: {x: -0.2634322, y: -0.2725168, z: -0.001619608}
  m_LocalScale: {x: 1, y: 1, z: 1}
  m_Children: []
  m_Father: {fileID: 4474514749827732}
  m_RootOrder: 1
  m_LocalEulerAnglesHint: {x: 90.00043, y: 1.352099, z: -178.8542}
--- !u!1 &1677682700214906
GameObject:
  serializedVersion: 5
  m_Component:
  - component: {fileID: 4291448526723933}
  m_Layer: 0
  m_Name: Puppet_L_Foot
  m_TagString: Untagged
  m_Icon: {fileID: 0}
  m_NavMeshLayer: 0
  m_StaticEditorFlags: 0
  m_IsActive: 1
--- !u!4 &4291448526723933
Transform:
  m_GameObject: {fileID: 1677682700214906}
  m_LocalRotation: {x: 0.01541201, y: 0.7069415, z: 0.707103, w: -0.001273432}
  m_LocalPosition: {x: -0.07211152, y: -0.2809003, z: -0.01852958}
  m_LocalScale: {x: 1, y: 1, z: 1}
  m_Children: []
  m_Father: {fileID: 4474514749827732}
  m_RootOrder: 2
  m_LocalEulerAnglesHint: {x: 90.00043, y: 1.352091, z: -178.8543}
--- !u!1 &1879863661700146
GameObject:
  serializedVersion: 5
  m_Component:
  - component: {fileID: 4830337808594818}
  m_Layer: 0
  m_Name: Puppet_L_Thigh
  m_TagString: Untagged
  m_Icon: {fileID: 0}
  m_NavMeshLayer: 0
  m_StaticEditorFlags: 0
  m_IsActive: 1
--- !u!4 &4830337808594818
Transform:
  m_GameObject: {fileID: 1879863661700146}
  m_LocalRotation: {x: -0.03809849, y: 0.7115312, z: 0.699345, w: 0.0564665}
  m_LocalPosition: {x: -0.4640613, y: -0.2675022, z: -0.02868348}
  m_LocalScale: {x: 1, y: 1, z: 1}
  m_Children: []
  m_Father: {fileID: 4474514749827732}
  m_RootOrder: 3
  m_LocalEulerAnglesHint: {x: 90.89363, y: -7.680178, z: -178.5682}
--- !u!1 &1895806970621043
GameObject:
  serializedVersion: 5
  m_Component:
  - component: {fileID: 4308158621768947}
  m_Layer: 0
  m_Name: 'Puppet_L_Wing '
  m_TagString: Untagged
  m_Icon: {fileID: 0}
  m_NavMeshLayer: 0
  m_StaticEditorFlags: 0
  m_IsActive: 1
--- !u!4 &4308158621768947
Transform:
  m_GameObject: {fileID: 1895806970621043}
  m_LocalRotation: {x: -0.4053047, y: 0.6726683, z: -0.5723433, w: -0.2359419}
  m_LocalPosition: {x: -1.185076, y: 0.5920585, z: 0.1837732}
  m_LocalScale: {x: 1, y: 0.9999997, z: 0.9999998}
  m_Children: []
  m_Father: {fileID: 4474514749827732}
  m_RootOrder: 4
  m_LocalEulerAnglesHint: {x: -111.9731, y: 51.38601, z: 153.8347}
--- !u!1 &1337511034038474
GameObject:
  serializedVersion: 5
  m_Component:
  - component: {fileID: 4112687281503466}
  m_Layer: 0
  m_Name: Puppet_Pelvis
  m_TagString: Untagged
  m_Icon: {fileID: 0}
  m_NavMeshLayer: 0
  m_StaticEditorFlags: 0
  m_IsActive: 1
--- !u!4 &4112687281503466
Transform:
  m_GameObject: {fileID: 1337511034038474}
  m_LocalRotation: {x: 0.5461905, y: 0.4490792, z: -0.4599142, w: 0.5371059}
  m_LocalPosition: {x: -0.9547966, y: 0.019095, z: -0.01546422}
  m_LocalScale: {x: 1, y: 1, z: 1}
  m_Children: []
  m_Father: {fileID: 4474514749827732}
  m_RootOrder: 5
  m_LocalEulerAnglesHint: {x: 89.9975, y: -79.99998, z: 1.14819}
--- !u!1 &1979173787816507
GameObject:
  serializedVersion: 5
  m_Component:
  - component: {fileID: 4295406432554568}
  m_Layer: 0
  m_Name: Puppet_R_Calf
  m_TagString: Untagged
  m_Icon: {fileID: 0}
  m_NavMeshLayer: 0
  m_StaticEditorFlags: 0
  m_IsActive: 1
--- !u!4 &4295406432554568
Transform:
  m_GameObject: {fileID: 1979173787816507}
  m_LocalRotation: {x: 0.02973073, y: 0.7077006, z: 0.7051372, w: -0.0325208}
  m_LocalPosition: {x: -0.2523257, y: 0.2828313, z: -0.001623636}
  m_LocalScale: {x: 1, y: 0.9999998, z: 1}
  m_Children: []
  m_Father: {fileID: 4474514749827732}
  m_RootOrder: 6
  m_LocalEulerAnglesHint: {x: 90.19832, y: 5.046169, z: 179.7824}
--- !u!1 &1207938001292866
GameObject:
  serializedVersion: 5
  m_Component:
  - component: {fileID: 4273289993865928}
  m_Layer: 0
  m_Name: Puppet_R_Foot
  m_TagString: Untagged
  m_Icon: {fileID: 0}
  m_NavMeshLayer: 0
  m_StaticEditorFlags: 0
  m_IsActive: 1
--- !u!4 &4273289993865928
Transform:
  m_GameObject: {fileID: 1207938001292866}
  m_LocalRotation: {x: 0.01541198, y: 0.7069414, z: 0.707103, w: -0.001273462}
  m_LocalPosition: {x: -0.0608228, y: 0.2835584, z: -0.01853368}
  m_LocalScale: {x: 1, y: 1, z: 1}
  m_Children: []
  m_Father: {fileID: 4474514749827732}
  m_RootOrder: 7
  m_LocalEulerAnglesHint: {x: 90.00043, y: 1.35209, z: -178.8543}
--- !u!1 &1164512185413639
GameObject:
  serializedVersion: 5
  m_Component:
  - component: {fileID: 4914611564913774}
  m_Layer: 0
  m_Name: Puppet_R_Thigh
  m_TagString: Untagged
  m_Icon: {fileID: 0}
  m_NavMeshLayer: 0
  m_StaticEditorFlags: 0
  m_IsActive: 1
--- !u!4 &4914611564913774
Transform:
  m_GameObject: {fileID: 1164512185413639}
  m_LocalRotation: {x: -0.04247229, y: 0.7003396, z: 0.7106219, w: 0.0523181}
  m_LocalPosition: {x: -0.4529948, y: 0.285842, z: -0.02868774}
  m_LocalScale: {x: 1, y: 1, z: 1}
  m_Children: []
  m_Father: {fileID: 4474514749827732}
  m_RootOrder: 8
  m_LocalEulerAnglesHint: {x: 89.10724, y: -7.680236, z: -179.1405}
--- !u!1 &1816710617655970
GameObject:
  serializedVersion: 5
  m_Component:
  - component: {fileID: 4081557167806334}
  m_Layer: 0
  m_Name: Puppet_R_Wing
  m_TagString: Untagged
  m_Icon: {fileID: 0}
  m_NavMeshLayer: 0
  m_StaticEditorFlags: 0
  m_IsActive: 1
--- !u!4 &4081557167806334
Transform:
  m_GameObject: {fileID: 1816710617655970}
  m_LocalRotation: {x: 0.2244476, y: -0.5769418, z: 0.6644339, w: 0.4186754}
  m_LocalPosition: {x: -1.207801, y: -0.5442002, z: 0.1837815}
  m_LocalScale: {x: 0.9999999, y: 0.9999999, z: 1}
  m_Children: []
  m_Father: {fileID: 4474514749827732}
  m_RootOrder: 9
  m_LocalEulerAnglesHint: {x: -68.02574, y: 51.38561, z: -151.5423}
--- !u!1 &1246434767460628
GameObject:
  serializedVersion: 5
  m_Component:
  - component: {fileID: 4064606925894067}
  m_Layer: 0
  m_Name: Puppet_Spine
  m_TagString: Untagged
  m_Icon: {fileID: 0}
  m_NavMeshLayer: 0
  m_StaticEditorFlags: 0
  m_IsActive: 1
--- !u!4 &4064606925894067
Transform:
  m_GameObject: {fileID: 1246434767460628}
  m_LocalRotation: {x: 0.703418, y: 0.07210683, z: -0.08615796, w: 0.7018409}
  m_LocalPosition: {x: -1.148941, y: 0.02297907, z: 0.1603036}
  m_LocalScale: {x: 1, y: 1, z: 1}
  m_Children: []
  m_Father: {fileID: 4474514749827732}
  m_RootOrder: 10
  m_LocalEulerAnglesHint: {x: 89.99955, y: -12.85151, z: 1.145809}
--- !u!1 &1216136913293325
GameObject:
  serializedVersion: 5
  m_Component:
  - component: {fileID: 4565777348402679}
  m_Layer: 0
  m_Name: Puppet_Tail1
  m_TagString: Untagged
  m_Icon: {fileID: 0}
  m_NavMeshLayer: 0
  m_StaticEditorFlags: 0
  m_IsActive: 1
--- !u!4 &4565777348402679
Transform:
  m_GameObject: {fileID: 1216136913293325}
  m_LocalRotation: {x: 0.4933502, y: -0.50792, z: 0.4965955, w: 0.5020117}
  m_LocalPosition: {x: -0.9161102, y: 0.01720038, z: -0.2583397}
  m_LocalScale: {x: 0.9999998, y: 0.9999999, z: 0.9999998}
  m_Children: []
  m_Father: {fileID: 4474514749827732}
  m_RootOrder: 11
  m_LocalEulerAnglesHint: {x: -106.7938, y: 89.45379, z: 164.3513}
--- !u!1 &1063227227243807
GameObject:
  serializedVersion: 5
  m_Component:
  - component: {fileID: 4668898349103389}
  m_Layer: 0
  m_Name: Puppet_Tail2
  m_TagString: Untagged
  m_Icon: {fileID: 0}
  m_NavMeshLayer: 0
  m_StaticEditorFlags: 0
  m_IsActive: 1
--- !u!4 &4668898349103389
Transform:
  m_GameObject: {fileID: 1063227227243807}
  m_LocalRotation: {x: 0.494976, y: -0.504974, z: 0.494976, w: 0.504974}
  m_LocalPosition: {x: -0.9123695, y: 0.01824825, z: -0.6658134}
  m_LocalScale: {x: 1, y: 1, z: 0.9999999}
  m_Children: []
  m_Father: {fileID: 4474514749827732}
  m_RootOrder: 12
  m_LocalEulerAnglesHint: {x: 88.85429, y: 90, z: 0}
--- !u!1 &1288880924834030
GameObject:
  serializedVersion: 5
  m_Component:
  - component: {fileID: 4459827316951668}
  m_Layer: 0
  m_Name: Puppet_Root
  m_TagString: Untagged
  m_Icon: {fileID: 0}
  m_NavMeshLayer: 0
  m_StaticEditorFlags: 0
  m_IsActive: 1
--- !u!4 &4459827316951668
Transform:
  m_GameObject: {fileID: 1288880924834030}
  m_LocalRotation: {x: -0.7071068, y: 0, z: 0, w: 0.7071068}
  m_LocalPosition: {x: 0, y: 0, z: 0}
  m_LocalScale: {x: 1, y: 1, z: 1}
  m_Children: []
  m_Father: {fileID: 4295200928448011}
  m_RootOrder: 3
  m_LocalEulerAnglesHint: {x: -90, y: 0, z: 0}
