%YAML 1.1
%TAG !u! tag:unity3d.com,2011:
--- !u!1001 &100100000
Prefab:
  serializedVersion: 2
  m_Modification:
    m_TransformParent: {fileID: 0}
    m_Modifications: []
    m_RemovedComponents: []
  m_ParentPrefab: {fileID: 0}
  m_RootGameObject: {fileID: 1421601168866637}
  m_IsPrefabParent: 1
--- !u!1 &1421601168866637
GameObject:
  serializedVersion: 5
  m_Component:
  - component: {fileID: 4069853699681046}
  - component: {fileID: 111152495526759290}
  - component: {fileID: 114862945336163975}
  - component: {fileID: 82368334896586462}
  - component: {fileID: 114650458058680998}
  - component: {fileID: 114741273041159941}
  m_Layer: 0
  m_Name: Herculeye
  m_TagString: Untagged
  m_Icon: {fileID: 0}
  m_NavMeshLayer: 0
  m_StaticEditorFlags: 0
  m_IsActive: 1
--- !u!4 &4069853699681046
Transform:
  m_GameObject: {fileID: 1421601168866637}
  m_LocalRotation: {x: 0, y: 0, z: 0, w: 1}
  m_LocalPosition: {x: 0, y: 0, z: 0}
  m_LocalScale: {x: 1, y: 1, z: 1}
  m_Children:
  - {fileID: 4742758869137905}
  - {fileID: 4683168122156802}
  - {fileID: 4989011658734289}
  - {fileID: 4376399725095094}
  m_Father: {fileID: 0}
  m_RootOrder: 0
  m_LocalEulerAnglesHint: {x: 0, y: 0, z: 0}
--- !u!111 &111152495526759290
Animation:
  m_GameObject: {fileID: 1421601168866637}
  m_Enabled: 1
  serializedVersion: 3
  m_Animation: {fileID: 0}
  m_Animations:
  - {fileID: 7400000, guid: c172452f245e7794991460f9ad9598c1, type: 2}
  - {fileID: 7400000, guid: c6abafe48bfa98e4c8688e98357caa5a, type: 2}
  - {fileID: 7400000, guid: 316eb1bea4764dd468c42b22089931c9, type: 2}
  - {fileID: 7400000, guid: e84bef836c2ecd54da4577a9ef1eaf8f, type: 2}
  - {fileID: 7400000, guid: 2e0c4e004a66bb84aaee5942cf107dc0, type: 2}
  - {fileID: 7400000, guid: 9a239176375c85f40a4f4f846f435f4c, type: 2}
  - {fileID: 7400000, guid: d57db057cb8641d42a36f78cfdbc042b, type: 2}
  - {fileID: 7400000, guid: 11cc4faff5e3e1c4ebc0e5ebf0cff9ed, type: 2}
  m_WrapMode: 0
  m_PlayAutomatically: 0
  m_AnimatePhysics: 0
  m_CullingType: 1
--- !u!114 &114862945336163975
MonoBehaviour:
  m_GameObject: {fileID: 1421601168866637}
  m_Enabled: 1
  m_EditorHideFlags: 0
  m_Script: {fileID: 11500000, guid: 203ebd45b8aad6940846389310fb33f6, type: 3}
  m_Name:
  m_EditorClassIdentifier:
  SpawnEffect: {fileID: 0}
  SpawnAudio: {fileID: 8300000, guid: e1f86b57d6e8e2d4b8d59ba8bf108c8e, type: 3}
  SpawnAudioDelaySecs: 0
  Intro: Herculeye_Intro
  Idle: Herculeye_Idle
  IntroLength: 2.333333
  hpBar: {fileID: 0}
--- !u!82 &82368334896586462
AudioSource:
  m_GameObject: {fileID: 1421601168866637}
  m_Enabled: 1
  serializedVersion: 4
  OutputAudioMixerGroup: {fileID: 0}
  m_audioClip: {fileID: 0}
  m_PlayOnAwake: 0
  m_Volume: 1
  m_Pitch: 1
  Loop: 0
  Mute: 0
  Spatialize: 0
  SpatializePostEffects: 0
  Priority: 128
  DopplerLevel: 1
  MinDistance: 1
  MaxDistance: 500
  Pan2D: 0
  rolloffMode: 2
  BypassEffects: 0
  BypassListenerEffects: 0
  BypassReverbZones: 0
  rolloffCustomCurve:
    serializedVersion: 2
    m_Curve:
    - serializedVersion: 2
      time: 0
      value: 1
      inSlope: 0
      outSlope: 0
      tangentMode: 0
    - serializedVersion: 2
      time: 1
      value: 1
      inSlope: 0
      outSlope: 0
      tangentMode: 0
    m_PreInfinity: 2
    m_PostInfinity: 2
    m_RotationOrder: 0
  panLevelCustomCurve:
    serializedVersion: 2
    m_Curve:
    - serializedVersion: 2
      time: 0
      value: 0
      inSlope: 0
      outSlope: 0
      tangentMode: 0
    m_PreInfinity: 2
    m_PostInfinity: 2
    m_RotationOrder: 0
  spreadCustomCurve:
    serializedVersion: 2
    m_Curve:
    - serializedVersion: 2
      time: 0
      value: 0
      inSlope: 0
      outSlope: 0
      tangentMode: 0
    m_PreInfinity: 2
    m_PostInfinity: 2
    m_RotationOrder: 0
  reverbZoneMixCustomCurve:
    serializedVersion: 2
    m_Curve:
    - serializedVersion: 2
      time: 0
      value: 1
      inSlope: 0
      outSlope: 0
      tangentMode: 0
    m_PreInfinity: 2
    m_PostInfinity: 2
    m_RotationOrder: 0
--- !u!114 &114650458058680998
MonoBehaviour:
  m_GameObject: {fileID: 1421601168866637}
  m_Enabled: 1
  m_EditorHideFlags: 0
  m_Script: {fileID: 11500000, guid: 816f303b97b032a4d9e1a96b34158d44, type: 3}
  m_Name:
  m_EditorClassIdentifier:
  Tombstone: {fileID: 0}
  Timer: 0
  Idle:
  RemoveTombstone: 0
  DamageDealt: 0
  Flooped: 0
  Crash: 0
--- !u!114 &114741273041159941
MonoBehaviour:
  m_GameObject: {fileID: 1421601168866637}
  m_Enabled: 1
  m_EditorHideFlags: 0
  m_Script: {fileID: 11500000, guid: 9390b1f887e33a34caef2ef05f3f87a5, type: 3}
  m_Name:
  m_EditorClassIdentifier:
  animTarget: {fileID: 0}
  animName:
--- !u!1 &1698049092458462
GameObject:
  serializedVersion: 5
  m_Component:
  - component: {fileID: 4742758869137905}
  - component: {fileID: 137843782113504360}
  m_Layer: 0
  m_Name: Herculeye
  m_TagString: Untagged
  m_Icon: {fileID: 0}
  m_NavMeshLayer: 0
  m_StaticEditorFlags: 0
  m_IsActive: 1
--- !u!4 &4742758869137905
Transform:
  m_GameObject: {fileID: 1698049092458462}
  m_LocalRotation: {x: -0.7071069, y: 0, z: 0, w: 0.7071068}
  m_LocalPosition: {x: -0.01327188, y: -0.03369378, z: -1.472802E-09}
  m_LocalScale: {x: 1, y: 1, z: 1}
  m_Children: []
  m_Father: {fileID: 4069853699681046}
  m_RootOrder: 0
  m_LocalEulerAnglesHint: {x: -90.00001, y: 0, z: 0}
--- !u!137 &137843782113504360
SkinnedMeshRenderer:
  m_GameObject: {fileID: 1698049092458462}
  m_Enabled: 1
  m_CastShadows: 1
  m_ReceiveShadows: 1
  m_DynamicOccludee: 1
  m_MotionVectors: 1
  m_LightProbeUsage: 0
  m_ReflectionProbeUsage: 1
  m_Materials:
  - {fileID: 2100000, guid: 235c3df0d6b13254599c84ae28caa945, type: 2}
  m_StaticBatchInfo:
    firstSubMesh: 0
    subMeshCount: 0
  m_StaticBatchRoot: {fileID: 0}
  m_ProbeAnchor: {fileID: 0}
  m_LightProbeVolumeOverride: {fileID: 0}
  m_ScaleInLightmap: 1
  m_PreserveUVs: 0
  m_IgnoreNormalsForChartDetection: 0
  m_ImportantGI: 0
  m_StitchLightmapSeams: 0
  m_SelectedEditorRenderState: 3
  m_MinimumChartSize: 4
  m_AutoUVMaxDistance: 0.5
  m_AutoUVMaxAngle: 89
  m_LightmapParameters: {fileID: 0}
  m_SortingLayerID: 0
  m_SortingLayer: 0
  m_SortingOrder: 0
  serializedVersion: 2
  m_Quality: 0
  m_UpdateWhenOffscreen: 0
  m_skinnedMotionVectors: 0
  m_Mesh: {fileID: 4300000, guid: 92e242b6ac7a42e41a97a5b93373f0a7, type: 2}
  m_Bones:
  - {fileID: 4481623807433682}
  - {fileID: 4850321796882402}
  - {fileID: 4350333817036401}
  - {fileID: 4315340565722727}
  - {fileID: 4063277975261280}
  - {fileID: 4520098997978263}
  - {fileID: 4020147540587583}
  - {fileID: 4300274017462235}
  - {fileID: 4888073630726263}
  - {fileID: 4425244642362333}
  - {fileID: 4476921300068373}
  - {fileID: 4652040712495566}
  - {fileID: 4158438581109855}
  - {fileID: 4989011658734289}
  - {fileID: 4910974879906602}
  m_BlendShapeWeights: []
  m_RootBone: {fileID: 4989011658734289}
  m_AABB:
    m_Center: {x: -0.1523376, y: 0.2078881, z: 0.01327205}
    m_Extent: {x: 1.839898, y: 1.354522, z: 2.211659}
  m_DirtyAABB: 0
--- !u!1 &1001194530774516
GameObject:
  serializedVersion: 5
  m_Component:
  - component: {fileID: 4683168122156802}
  - component: {fileID: 137895569631808354}
  m_Layer: 0
  m_Name: Herculeye_Outline
  m_TagString: Untagged
  m_Icon: {fileID: 0}
  m_NavMeshLayer: 0
  m_StaticEditorFlags: 0
  m_IsActive: 1
--- !u!4 &4683168122156802
Transform:
  m_GameObject: {fileID: 1001194530774516}
  m_LocalRotation: {x: -0.7071068, y: 0, z: 0, w: 0.7071068}
  m_LocalPosition: {x: -0.01272894, y: 2.193422, z: 0.2078881}
  m_LocalScale: {x: 1, y: 1, z: 1}
  m_Children: []
  m_Father: {fileID: 4069853699681046}
  m_RootOrder: 1
  m_LocalEulerAnglesHint: {x: -90, y: 0, z: 0}
--- !u!137 &137895569631808354
SkinnedMeshRenderer:
  m_GameObject: {fileID: 1001194530774516}
  m_Enabled: 1
  m_CastShadows: 1
  m_ReceiveShadows: 1
  m_DynamicOccludee: 1
  m_MotionVectors: 1
  m_LightProbeUsage: 0
  m_ReflectionProbeUsage: 1
  m_Materials:
  - {fileID: 2100000, guid: 235c3df0d6b13254599c84ae28caa945, type: 2}
  m_StaticBatchInfo:
    firstSubMesh: 0
    subMeshCount: 0
  m_StaticBatchRoot: {fileID: 0}
  m_ProbeAnchor: {fileID: 0}
  m_LightProbeVolumeOverride: {fileID: 0}
  m_ScaleInLightmap: 1
  m_PreserveUVs: 0
  m_IgnoreNormalsForChartDetection: 0
  m_ImportantGI: 0
  m_StitchLightmapSeams: 0
  m_SelectedEditorRenderState: 3
  m_MinimumChartSize: 4
  m_AutoUVMaxDistance: 0.5
  m_AutoUVMaxAngle: 89
  m_LightmapParameters: {fileID: 0}
  m_SortingLayerID: 0
  m_SortingLayer: 0
  m_SortingOrder: 0
  serializedVersion: 2
  m_Quality: 0
  m_UpdateWhenOffscreen: 0
  m_skinnedMotionVectors: 0
  m_Mesh: {fileID: 4300000, guid: 94ca192e2cdcd8f46a0222aff0e02256, type: 2}
  m_Bones:
  - {fileID: 4910974879906602}
  - {fileID: 4300274017462235}
  - {fileID: 4476921300068373}
  - {fileID: 4481623807433682}
  - {fileID: 4315340565722727}
  - {fileID: 4850321796882402}
  - {fileID: 4350333817036401}
  - {fileID: 4063277975261280}
  - {fileID: 4520098997978263}
  - {fileID: 4888073630726263}
  - {fileID: 4425244642362333}
  - {fileID: 4652040712495566}
  - {fileID: 4158438581109855}
  m_BlendShapeWeights: []
  m_RootBone: {fileID: 4315340565722727}
  m_AABB:
    m_Center: {x: 0.6016123, y: 0.4216654, z: -1.091004}
    m_Extent: {x: 2.220981, y: 1.471468, z: 1.865468}
  m_DirtyAABB: 0
--- !u!1 &1784135945863394
GameObject:
  serializedVersion: 5
  m_Component:
  - component: {fileID: 4989011658734289}
  m_Layer: 0
  m_Name: Puppet_Pelvis
  m_TagString: Untagged
  m_Icon: {fileID: 0}
  m_NavMeshLayer: 0
  m_StaticEditorFlags: 0
  m_IsActive: 1
--- !u!4 &4989011658734289
Transform:
  m_GameObject: {fileID: 1784135945863394}
  m_LocalRotation: {x: 0.5000001, y: -0.5000001, z: -0.4999999, w: 0.4999999}
  m_LocalPosition: {x: 0, y: 1.555708, z: -2.534571E-07}
  m_LocalScale: {x: 1, y: 1, z: 1}
  m_Children:
  - {fileID: 4020147540587583}
  - {fileID: 4300274017462235}
  - {fileID: 4476921300068373}
  m_Father: {fileID: 4069853699681046}
  m_RootOrder: 2
  m_LocalEulerAnglesHint: {x: 90.00002, y: 0, z: 90}
--- !u!1 &1973712906831667
GameObject:
  serializedVersion: 5
  m_Component:
  - component: {fileID: 4020147540587583}
  m_Layer: 0
  m_Name: Puppet_Body
  m_TagString: Untagged
  m_Icon: {fileID: 0}
  m_NavMeshLayer: 0
  m_StaticEditorFlags: 0
  m_IsActive: 1
--- !u!4 &4020147540587583
Transform:
  m_GameObject: {fileID: 1973712906831667}
  m_LocalRotation: {x: 1.192093E-07, y: 3.552714E-15, z: -4.235165E-22, w: 1}
  m_LocalPosition: {x: 0.04869413, y: 0.2077434, z: -5.378686E-08}
  m_LocalScale: {x: 1, y: 1, z: 1}
  m_Children:
  - {fileID: 4910974879906602}
  - {fileID: 4481623807433682}
  - {fileID: 4315340565722727}
  m_Father: {fileID: 4989011658734289}
  m_RootOrder: 0
  m_LocalEulerAnglesHint: {x: 1.366038E-05, y: -4.07111E-13, z: 0}
--- !u!1 &1192222550985557
GameObject:
  serializedVersion: 5
  m_Component:
  - component: {fileID: 4910974879906602}
  m_Layer: 0
  m_Name: Puppet_Eyeball
  m_TagString: Untagged
  m_Icon: {fileID: 0}
  m_NavMeshLayer: 0
  m_StaticEditorFlags: 0
  m_IsActive: 1
--- !u!4 &4910974879906602
Transform:
  m_GameObject: {fileID: 1192222550985557}
  m_LocalRotation: {x: 3.000329E-07, y: -3.274862E-07, z: -0.8366047, w: 0.5478072}
  m_LocalPosition: {x: -0.7088885, y: 7.450581E-08, z: 6.1973E-08}
  m_LocalScale: {x: 0.9999999, y: 0.9999999, z: 1}
  m_Children: []
  m_Father: {fileID: 4020147540587583}
  m_RootOrder: 0
  m_LocalEulerAnglesHint: {x: 5.022968E-05, y: -8.205858E-06, z: 113.5666}
--- !u!1 &1576454028374432
GameObject:
  serializedVersion: 5
  m_Component:
  - component: {fileID: 4481623807433682}
  m_Layer: 0
  m_Name: Puppet_L_UpperArm
  m_TagString: Untagged
  m_Icon: {fileID: 0}
  m_NavMeshLayer: 0
  m_StaticEditorFlags: 0
  m_IsActive: 1
--- !u!4 &4481623807433682
Transform:
  m_GameObject: {fileID: 1576454028374432}
  m_LocalRotation: {x: -0.03084358, y: 0.7064338, z: -0.03084378, w: 0.7064338}
  m_LocalPosition: {x: -1.296398, y: -0.3666839, z: 0.6324642}
  m_LocalScale: {x: 1, y: 1, z: 1}
  m_Children:
  - {fileID: 4850321796882402}
  m_Father: {fileID: 4020147540587583}
  m_RootOrder: 1
  m_LocalEulerAnglesHint: {x: -90.00005, y: -84.99998, z: 90.00006}
--- !u!1 &1137473085042319
GameObject:
  serializedVersion: 5
  m_Component:
  - component: {fileID: 4850321796882402}
  m_Layer: 0
  m_Name: Puppet_L_Forearm
  m_TagString: Untagged
  m_Icon: {fileID: 0}
  m_NavMeshLayer: 0
  m_StaticEditorFlags: 0
  m_IsActive: 1
--- !u!4 &4850321796882402
Transform:
  m_GameObject: {fileID: 1137473085042319}
  m_LocalRotation: {x: -2.752221E-08, y: -6.918367E-08, z: -0.3826834, w: 0.9238796}
  m_LocalPosition: {x: -0.8268142, y: -1.490116E-08, z: 0.07267547}
  m_LocalScale: {x: 0.9999999, y: 0.9999999, z: 1}
  m_Children:
  - {fileID: 4350333817036401}
  m_Father: {fileID: 4481623807433682}
  m_RootOrder: 0
  m_LocalEulerAnglesHint: {x: 1.201189E-07, y: 8.531304E-06, z: 44.99999}
--- !u!1 &1004925334485856
GameObject:
  serializedVersion: 5
  m_Component:
  - component: {fileID: 4350333817036401}
  m_Layer: 0
  m_Name: Puppet_L_Hand
  m_TagString: Untagged
  m_Icon: {fileID: 0}
  m_NavMeshLayer: 0
  m_StaticEditorFlags: 0
  m_IsActive: 1
--- !u!4 &4350333817036401
Transform:
  m_GameObject: {fileID: 1004925334485856}
  m_LocalRotation: {x: 2.954734E-08, y: -2.359887E-08, z: -0.1305252, w: 0.991445}
  m_LocalPosition: {x: -0.6242509, y: 0, z: 0}
  m_LocalScale: {x: 1, y: 1, z: 1}
  m_Children: []
  m_Father: {fileID: 4850321796882402}
  m_RootOrder: 0
  m_LocalEulerAnglesHint: {x: 3.70988E-06, y: 2.239154E-06, z: 14.99988}
--- !u!1 &1244757198009031
GameObject:
  serializedVersion: 5
  m_Component:
  - component: {fileID: 4315340565722727}
  m_Layer: 0
  m_Name: Puppet_R_UpperArm
  m_TagString: Untagged
  m_Icon: {fileID: 0}
  m_NavMeshLayer: 0
  m_StaticEditorFlags: 0
  m_IsActive: 1
--- !u!4 &4315340565722727
Transform:
  m_GameObject: {fileID: 1244757198009031}
  m_LocalRotation: {x: 0.03084336, y: -0.7064338, z: -0.03084352, w: 0.7064338}
  m_LocalPosition: {x: -1.296398, y: -0.3666844, z: -0.6324639}
  m_LocalScale: {x: 1, y: 1, z: 1}
  m_Children:
  - {fileID: 4063277975261280}
  m_Father: {fileID: 4020147540587583}
  m_RootOrder: 2
  m_LocalEulerAnglesHint: {x: 89.99994, y: 85.00002, z: 89.99995}
--- !u!1 &1614607820264404
GameObject:
  serializedVersion: 5
  m_Component:
  - component: {fileID: 4063277975261280}
  m_Layer: 0
  m_Name: Puppet_R_Forearm
  m_TagString: Untagged
  m_Icon: {fileID: 0}
  m_NavMeshLayer: 0
  m_StaticEditorFlags: 0
  m_IsActive: 1
--- !u!4 &4063277975261280
Transform:
  m_GameObject: {fileID: 1614607820264404}
  m_LocalRotation: {x: 1.427123E-14, y: 5.77836E-08, z: -0.3826834, w: 0.9238796}
  m_LocalPosition: {x: -0.8268144, y: 5.960464E-08, z: -0.07267547}
  m_LocalScale: {x: 1, y: 1, z: 1}
  m_Children:
  - {fileID: 4520098997978263}
  m_Father: {fileID: 4315340565722727}
  m_RootOrder: 0
  m_LocalEulerAnglesHint: {x: -2.533942E-06, y: -6.117481E-06, z: 45}
--- !u!1 &1897126818962013
GameObject:
  serializedVersion: 5
  m_Component:
  - component: {fileID: 4520098997978263}
  m_Layer: 0
  m_Name: Puppet_R_Hand
  m_TagString: Untagged
  m_Icon: {fileID: 0}
  m_NavMeshLayer: 0
  m_StaticEditorFlags: 0
  m_IsActive: 1
--- !u!4 &4520098997978263
Transform:
  m_GameObject: {fileID: 1897126818962013}
  m_LocalRotation: {x: 2.493518E-14, y: 1.970892E-08, z: -0.1305252, w: 0.991445}
  m_LocalPosition: {x: -0.6242509, y: 1.192093E-07, z: 0}
  m_LocalScale: {x: 0.9999998, y: 0.9999998, z: 1}
  m_Children: []
  m_Father: {fileID: 4063277975261280}
  m_RootOrder: 0
  m_LocalEulerAnglesHint: {x: -2.94785E-07, y: -2.239155E-06, z: 14.99988}
--- !u!1 &1581600472893153
GameObject:
  serializedVersion: 5
  m_Component:
  - component: {fileID: 4300274017462235}
  m_Layer: 0
  m_Name: Puppet_L_Thigh
  m_TagString: Untagged
  m_Icon: {fileID: 0}
  m_NavMeshLayer: 0
  m_StaticEditorFlags: 0
  m_IsActive: 1
--- !u!4 &4300274017462235
Transform:
  m_GameObject: {fileID: 1581600472893153}
  m_LocalRotation: {x: -0.1392114, y: 0.9901155, z: 0.0156309, w: -0.006870303}
  m_LocalPosition: {x: -0.02536023, y: -0.1140442, z: 0.4358784}
  m_LocalScale: {x: 0.9999999, y: 0.9999998, z: 1}
  m_Children:
  - {fileID: 4888073630726263}
  m_Father: {fileID: 4989011658734289}
  m_RootOrder: 1
  m_LocalEulerAnglesHint: {x: 178.1165, y: 0.5301533, z: 163.9845}
--- !u!1 &1955765266540239
GameObject:
  serializedVersion: 5
  m_Component:
  - component: {fileID: 4888073630726263}
  m_Layer: 0
  m_Name: Puppet_L_Calf
  m_TagString: Untagged
  m_Icon: {fileID: 0}
  m_NavMeshLayer: 0
  m_StaticEditorFlags: 0
  m_IsActive: 1
--- !u!4 &4888073630726263
Transform:
  m_GameObject: {fileID: 1955765266540239}
  m_LocalRotation: {x: 0.02656815, y: -0.0006642282, z: 0.2559448, w: 0.9663261}
  m_LocalPosition: {x: -0.8348023, y: -1.192093E-07, z: -1.490116E-07}
  m_LocalScale: {x: 0.9999995, y: 1, z: 1}
  m_Children:
  - {fileID: 4425244642362333}
  m_Father: {fileID: 4300274017462235}
  m_RootOrder: 0
  m_LocalEulerAnglesHint: {x: 2.924078, y: 0.8528036, z: -29.6481}
--- !u!1 &1525521622878913
GameObject:
  serializedVersion: 5
  m_Component:
  - component: {fileID: 4425244642362333}
  m_Layer: 0
  m_Name: Puppet_L_Foot
  m_TagString: Untagged
  m_Icon: {fileID: 0}
  m_NavMeshLayer: 0
  m_StaticEditorFlags: 0
  m_IsActive: 1
--- !u!4 &4425244642362333
Transform:
  m_GameObject: {fileID: 1525521622878913}
  m_LocalRotation: {x: -0.008972393, y: -0.01115938, z: -0.5297291, w: 0.8480461}
  m_LocalPosition: {x: -0.7036901, y: -1.490116E-08, z: -2.980232E-07}
  m_LocalScale: {x: 1, y: 1, z: 0.9999994}
  m_Children: []
  m_Father: {fileID: 4888073630726263}
  m_RootOrder: 0
  m_LocalEulerAnglesHint: {x: -0.1946043, y: 1.629323, z: 63.97887}
--- !u!1 &1693274226777998
GameObject:
  serializedVersion: 5
  m_Component:
  - component: {fileID: 4476921300068373}
  m_Layer: 0
  m_Name: Puppet_R_Thigh
  m_TagString: Untagged
  m_Icon: {fileID: 0}
  m_NavMeshLayer: 0
  m_StaticEditorFlags: 0
  m_IsActive: 1
--- !u!4 &4476921300068373
Transform:
  m_GameObject: {fileID: 1693274226777998}
  m_LocalRotation: {x: -0.1392117, y: 0.9901155, z: -0.01563104, w: 0.006869454}
  m_LocalPosition: {x: -0.02536023, y: -0.1140443, z: -0.4358785}
  m_LocalScale: {x: 0.9999998, y: 0.9999998, z: 1}
  m_Children:
  - {fileID: 4652040712495566}
  m_Father: {fileID: 4989011658734289}
  m_RootOrder: 2
  m_LocalEulerAnglesHint: {x: -178.1165, y: -0.5300542, z: 163.9845}
--- !u!1 &1707367114272474
GameObject:
  serializedVersion: 5
  m_Component:
  - component: {fileID: 4652040712495566}
  m_Layer: 0
  m_Name: Puppet_R_Calf
  m_TagString: Untagged
  m_Icon: {fileID: 0}
  m_NavMeshLayer: 0
  m_StaticEditorFlags: 0
  m_IsActive: 1
--- !u!4 &4652040712495566
Transform:
  m_GameObject: {fileID: 1707367114272474}
  m_LocalRotation: {x: -0.02656395, y: 0.0006664051, z: 0.2559063, w: 0.9663364}
  m_LocalPosition: {x: -0.8348022, y: -2.384186E-07, z: -1.490116E-07}
  m_LocalScale: {x: 0.9999996, y: 1, z: 1}
  m_Children:
  - {fileID: 4158438581109855}
  m_Father: {fileID: 4476921300068373}
  m_RootOrder: 0
  m_LocalEulerAnglesHint: {x: -2.923582, y: -0.8528049, z: -29.64354}
--- !u!1 &1884611870604354
GameObject:
  serializedVersion: 5
  m_Component:
  - component: {fileID: 4158438581109855}
  m_Layer: 0
  m_Name: Puppet_R_Foot
  m_TagString: Untagged
  m_Icon: {fileID: 0}
  m_NavMeshLayer: 0
  m_StaticEditorFlags: 0
  m_IsActive: 1
--- !u!4 &4158438581109855
Transform:
  m_GameObject: {fileID: 1884611870604354}
  m_LocalRotation: {x: 0.008969108, y: 0.01115457, z: -0.5296952, w: 0.8480673}
  m_LocalPosition: {x: -0.7036902, y: -4.470348E-08, z: -3.874302E-07}
  m_LocalScale: {x: 1, y: 1, z: 0.9999993}
  m_Children: []
  m_Father: {fileID: 4652040712495566}
  m_RootOrder: 0
  m_LocalEulerAnglesHint: {x: 0.1946422, y: -1.628648, z: 63.97429}
--- !u!1 &1351686456951283
GameObject:
  serializedVersion: 5
  m_Component:
  - component: {fileID: 4376399725095094}
  m_Layer: 0
  m_Name: Puppet_Root
  m_TagString: Untagged
  m_Icon: {fileID: 0}
  m_NavMeshLayer: 0
  m_StaticEditorFlags: 0
  m_IsActive: 1
--- !u!4 &4376399725095094
Transform:
  m_GameObject: {fileID: 1351686456951283}
  m_LocalRotation: {x: -0.7071068, y: 0, z: 0, w: 0.7071068}
  m_LocalPosition: {x: 0, y: 0, z: 0}
  m_LocalScale: {x: 1, y: 1, z: 1}
  m_Children: []
  m_Father: {fileID: 4069853699681046}
  m_RootOrder: 3
  m_LocalEulerAnglesHint: {x: -90, y: 0, z: 0}
