%YAML 1.1
%TAG !u! tag:unity3d.com,2011:
--- !u!1001 &100100000
Prefab:
  serializedVersion: 2
  m_Modification:
    m_TransformParent: {fileID: 0}
    m_Modifications: []
    m_RemovedComponents: []
  m_ParentPrefab: {fileID: 0}
  m_RootGameObject: {fileID: 1055972593090903}
  m_IsPrefabParent: 1
--- !u!1 &1055972593090903
GameObject:
  serializedVersion: 5
  m_Component:
  - component: {fileID: 4444331538719933}
  - component: {fileID: 111142396208135458}
  - component: {fileID: 114162765635007434}
  - component: {fileID: 82029244966774584}
  - component: {fileID: 114131270826734815}
  - component: {fileID: 114977794991912587}
  m_Layer: 0
  m_Name: IceKnight
  m_TagString: Untagged
  m_Icon: {fileID: 0}
  m_NavMeshLayer: 0
  m_StaticEditorFlags: 0
  m_IsActive: 1
--- !u!4 &4444331538719933
Transform:
  m_GameObject: {fileID: 1055972593090903}
  m_LocalRotation: {x: 0, y: 0, z: 0, w: 1}
  m_LocalPosition: {x: 0, y: 0, z: 0}
  m_LocalScale: {x: 1, y: 1, z: 1}
  m_Children:
  - {fileID: 4602152189528803}
  - {fileID: 4222067785258710}
  - {fileID: 4582429459953702}
  - {fileID: 4889735441724412}
  m_Father: {fileID: 0}
  m_RootOrder: 0
  m_LocalEulerAnglesHint: {x: 0, y: 0, z: 0}
--- !u!111 &111142396208135458
Animation:
  m_GameObject: {fileID: 1055972593090903}
  m_Enabled: 1
  serializedVersion: 3
  m_Animation: {fileID: 0}
  m_Animations:
  - {fileID: 7400000, guid: 8049d5b82b99e914aa0437bcc1527757, type: 2}
  - {fileID: 7400000, guid: 5a0906fa68f01424db43ecb42f1d3963, type: 2}
  - {fileID: 7400000, guid: 316eb1bea4764dd468c42b22089931c9, type: 2}
  - {fileID: 7400000, guid: e84bef836c2ecd54da4577a9ef1eaf8f, type: 2}
  - {fileID: 7400000, guid: 2e0c4e004a66bb84aaee5942cf107dc0, type: 2}
  - {fileID: 7400000, guid: 9a239176375c85f40a4f4f846f435f4c, type: 2}
  - {fileID: 7400000, guid: d57db057cb8641d42a36f78cfdbc042b, type: 2}
  - {fileID: 7400000, guid: 11cc4faff5e3e1c4ebc0e5ebf0cff9ed, type: 2}
  m_WrapMode: 0
  m_PlayAutomatically: 0
  m_AnimatePhysics: 0
  m_CullingType: 1
--- !u!114 &114162765635007434
MonoBehaviour:
  m_GameObject: {fileID: 1055972593090903}
  m_Enabled: 1
  m_EditorHideFlags: 0
  m_Script: {fileID: 11500000, guid: 203ebd45b8aad6940846389310fb33f6, type: 3}
  m_Name:
  m_EditorClassIdentifier:
  SpawnEffect: {fileID: 0}
  SpawnAudio: {fileID: 8300000, guid: e851e416f3ae46b488308691ae6eafe0, type: 3}
  SpawnAudioDelaySecs: 0
  Intro: IceKnight_Intro
  Idle: IceKnight_Idle
  IntroLength: 0
  hpBar: {fileID: 0}
--- !u!82 &82029244966774584
AudioSource:
  m_GameObject: {fileID: 1055972593090903}
  m_Enabled: 1
  serializedVersion: 4
  OutputAudioMixerGroup: {fileID: 0}
  m_audioClip: {fileID: 0}
  m_PlayOnAwake: 0
  m_Volume: 1
  m_Pitch: 1
  Loop: 0
  Mute: 0
  Spatialize: 0
  SpatializePostEffects: 0
  Priority: 128
  DopplerLevel: 1
  MinDistance: 1
  MaxDistance: 500
  Pan2D: 0
  rolloffMode: 0
  BypassEffects: 0
  BypassListenerEffects: 0
  BypassReverbZones: 0
  rolloffCustomCurve:
    serializedVersion: 2
    m_Curve:
    - serializedVersion: 2
      time: 0
      value: 1
      inSlope: 0
      outSlope: 0
      tangentMode: 0
    - serializedVersion: 2
      time: 1
      value: 0
      inSlope: 0
      outSlope: 0
      tangentMode: 0
    m_PreInfinity: 2
    m_PostInfinity: 2
    m_RotationOrder: 0
  panLevelCustomCurve:
    serializedVersion: 2
    m_Curve:
    - serializedVersion: 2
      time: 0
      value: 0
      inSlope: 0
      outSlope: 0
      tangentMode: 0
    m_PreInfinity: 2
    m_PostInfinity: 2
    m_RotationOrder: 0
  spreadCustomCurve:
    serializedVersion: 2
    m_Curve:
    - serializedVersion: 2
      time: 0
      value: 0
      inSlope: 0
      outSlope: 0
      tangentMode: 0
    m_PreInfinity: 2
    m_PostInfinity: 2
    m_RotationOrder: 0
  reverbZoneMixCustomCurve:
    serializedVersion: 2
    m_Curve:
    - serializedVersion: 2
      time: 0
      value: 1
      inSlope: 0
      outSlope: 0
      tangentMode: 0
    m_PreInfinity: 2
    m_PostInfinity: 2
    m_RotationOrder: 0
--- !u!114 &114131270826734815
MonoBehaviour:
  m_GameObject: {fileID: 1055972593090903}
  m_Enabled: 1
  m_EditorHideFlags: 0
  m_Script: {fileID: 11500000, guid: 816f303b97b032a4d9e1a96b34158d44, type: 3}
  m_Name:
  m_EditorClassIdentifier:
  Tombstone: {fileID: 0}
  Timer: 0
  Idle:
  RemoveTombstone: 0
  DamageDealt: 0
  Flooped: 0
  Crash: 0
--- !u!114 &114977794991912587
MonoBehaviour:
  m_GameObject: {fileID: 1055972593090903}
  m_Enabled: 1
  m_EditorHideFlags: 0
  m_Script: {fileID: 11500000, guid: 9390b1f887e33a34caef2ef05f3f87a5, type: 3}
  m_Name:
  m_EditorClassIdentifier:
  animTarget: {fileID: 0}
  animName:
--- !u!1 &1770382635367458
GameObject:
  serializedVersion: 5
  m_Component:
  - component: {fileID: 4602152189528803}
  - component: {fileID: 137561922259651432}
  m_Layer: 0
  m_Name: IceKnight
  m_TagString: Untagged
  m_Icon: {fileID: 0}
  m_NavMeshLayer: 0
  m_StaticEditorFlags: 0
  m_IsActive: 1
--- !u!4 &4602152189528803
Transform:
  m_GameObject: {fileID: 1770382635367458}
  m_LocalRotation: {x: -0.7071068, y: 0, z: 0, w: 0.7071068}
  m_LocalPosition: {x: 0, y: 0, z: 8.795496E-08}
  m_LocalScale: {x: 1, y: 1, z: 1}
  m_Children: []
  m_Father: {fileID: 4444331538719933}
  m_RootOrder: 0
  m_LocalEulerAnglesHint: {x: -90, y: 0, z: 0}
--- !u!137 &137561922259651432
SkinnedMeshRenderer:
  m_GameObject: {fileID: 1770382635367458}
  m_Enabled: 1
  m_CastShadows: 1
  m_ReceiveShadows: 1
  m_DynamicOccludee: 1
  m_MotionVectors: 1
  m_LightProbeUsage: 0
  m_ReflectionProbeUsage: 1
  m_Materials:
  - {fileID: 2100000, guid: c357ef0d5564563498ea5bb59925f31b, type: 2}
  m_StaticBatchInfo:
    firstSubMesh: 0
    subMeshCount: 0
  m_StaticBatchRoot: {fileID: 0}
  m_ProbeAnchor: {fileID: 0}
  m_LightProbeVolumeOverride: {fileID: 0}
  m_ScaleInLightmap: 1
  m_PreserveUVs: 0
  m_IgnoreNormalsForChartDetection: 0
  m_ImportantGI: 0
  m_StitchLightmapSeams: 0
  m_SelectedEditorRenderState: 3
  m_MinimumChartSize: 4
  m_AutoUVMaxDistance: 0.5
  m_AutoUVMaxAngle: 89
  m_LightmapParameters: {fileID: 0}
  m_SortingLayerID: 0
  m_SortingLayer: 0
  m_SortingOrder: 0
  serializedVersion: 2
  m_Quality: 0
  m_UpdateWhenOffscreen: 0
  m_skinnedMotionVectors: 0
  m_Mesh: {fileID: 4300000, guid: 0a6a8d6968b920a44bc342a5f3ef14aa, type: 2}
  m_Bones:
  - {fileID: 4883995419262044}
  - {fileID: 4231845068301692}
  - {fileID: 4064053380337870}
  - {fileID: 4959014955864644}
  - {fileID: 4021385790992622}
  - {fileID: 4293819877790321}
  - {fileID: 4606653662336167}
  - {fileID: 4135611126132884}
  - {fileID: 4846782302343133}
  - {fileID: 4878835483719910}
  - {fileID: 4617086075423664}
  - {fileID: 4582429459953702}
  - {fileID: 4882368951768120}
  - {fileID: 4306107391666206}
  - {fileID: 4384765626749952}
  - {fileID: 4099474023991623}
  - {fileID: 4121404699468368}
  - {fileID: 4550569387136786}
  - {fileID: 4767251016696575}
  - {fileID: 4767640321190600}
  - {fileID: 4311529370159394}
  m_BlendShapeWeights: []
  m_RootBone: {fileID: 4582429459953702}
  m_AABB:
    m_Center: {x: -0.4945381, y: 0.2289321, z: -0.0004975796}
    m_Extent: {x: 2.327728, y: 1.398114, z: 2.005072}
  m_DirtyAABB: 0
--- !u!1 &1637604428579526
GameObject:
  serializedVersion: 5
  m_Component:
  - component: {fileID: 4222067785258710}
  - component: {fileID: 137602348852643012}
  m_Layer: 0
  m_Name: IceKnight_Outline
  m_TagString: Untagged
  m_Icon: {fileID: 0}
  m_NavMeshLayer: 0
  m_StaticEditorFlags: 0
  m_IsActive: 1
--- !u!4 &4222067785258710
Transform:
  m_GameObject: {fileID: 1637604428579526}
  m_LocalRotation: {x: -0.7071068, y: 0, z: 0, w: 0.7071068}
  m_LocalPosition: {x: 0, y: 0, z: 8.795496E-08}
  m_LocalScale: {x: 1, y: 1, z: 1}
  m_Children: []
  m_Father: {fileID: 4444331538719933}
  m_RootOrder: 1
  m_LocalEulerAnglesHint: {x: -90, y: 0, z: 0}
--- !u!137 &137602348852643012
SkinnedMeshRenderer:
  m_GameObject: {fileID: 1637604428579526}
  m_Enabled: 1
  m_CastShadows: 1
  m_ReceiveShadows: 1
  m_DynamicOccludee: 1
  m_MotionVectors: 1
  m_LightProbeUsage: 0
  m_ReflectionProbeUsage: 1
  m_Materials:
  - {fileID: 2100000, guid: c357ef0d5564563498ea5bb59925f31b, type: 2}
  m_StaticBatchInfo:
    firstSubMesh: 0
    subMeshCount: 0
  m_StaticBatchRoot: {fileID: 0}
  m_ProbeAnchor: {fileID: 0}
  m_LightProbeVolumeOverride: {fileID: 0}
  m_ScaleInLightmap: 1
  m_PreserveUVs: 0
  m_IgnoreNormalsForChartDetection: 0
  m_ImportantGI: 0
  m_StitchLightmapSeams: 0
  m_SelectedEditorRenderState: 3
  m_MinimumChartSize: 4
  m_AutoUVMaxDistance: 0.5
  m_AutoUVMaxAngle: 89
  m_LightmapParameters: {fileID: 0}
  m_SortingLayerID: 0
  m_SortingLayer: 0
  m_SortingOrder: 0
  serializedVersion: 2
  m_Quality: 0
  m_UpdateWhenOffscreen: 0
  m_skinnedMotionVectors: 0
  m_Mesh: {fileID: 4300000, guid: 71e789cc6c4fadb4d942d9441535492c, type: 2}
  m_Bones:
  - {fileID: 4883995419262044}
  - {fileID: 4231845068301692}
  - {fileID: 4064053380337870}
  - {fileID: 4959014955864644}
  - {fileID: 4021385790992622}
  - {fileID: 4293819877790321}
  - {fileID: 4606653662336167}
  - {fileID: 4135611126132884}
  - {fileID: 4846782302343133}
  - {fileID: 4878835483719910}
  - {fileID: 4617086075423664}
  - {fileID: 4582429459953702}
  - {fileID: 4882368951768120}
  - {fileID: 4306107391666206}
  - {fileID: 4384765626749952}
  - {fileID: 4099474023991623}
  - {fileID: 4121404699468368}
  - {fileID: 4550569387136786}
  - {fileID: 4767251016696575}
  - {fileID: 4767640321190600}
  - {fileID: 4311529370159394}
  m_BlendShapeWeights: []
  m_RootBone: {fileID: 4582429459953702}
  m_AABB:
    m_Center: {x: -0.4908216, y: 0.2277744, z: -0.0004858971}
    m_Extent: {x: 2.348951, y: 1.416054, z: 2.026504}
  m_DirtyAABB: 0
--- !u!1 &1047310335397107
GameObject:
  serializedVersion: 5
  m_Component:
  - component: {fileID: 4582429459953702}
  m_Layer: 0
  m_Name: Puppet_Pelvis
  m_TagString: Untagged
  m_Icon: {fileID: 0}
  m_NavMeshLayer: 0
  m_StaticEditorFlags: 0
  m_IsActive: 1
--- !u!4 &4582429459953702
Transform:
  m_GameObject: {fileID: 1047310335397107}
  m_LocalRotation: {x: 0.5000001, y: -0.5000001, z: -0.5, w: 0.5}
  m_LocalPosition: {x: 2.222692E-08, y: 1.630306, z: -0.2354868}
  m_LocalScale: {x: 1, y: 0.9999999, z: 0.9999999}
  m_Children:
  - {fileID: 4882368951768120}
  - {fileID: 4306107391666206}
  - {fileID: 4767251016696575}
  - {fileID: 4617086075423664}
  m_Father: {fileID: 4444331538719933}
  m_RootOrder: 2
  m_LocalEulerAnglesHint: {x: 90.00001, y: 0, z: 90}
--- !u!1 &1577576719448837
GameObject:
  serializedVersion: 5
  m_Component:
  - component: {fileID: 4882368951768120}
  m_Layer: 0
  m_Name: Puppet_L_Thigh
  m_TagString: Untagged
  m_Icon: {fileID: 0}
  m_NavMeshLayer: 0
  m_StaticEditorFlags: 0
  m_IsActive: 1
--- !u!4 &4882368951768120
Transform:
  m_GameObject: {fileID: 1577576719448837}
  m_LocalRotation: {x: -0.04003772, y: 0.9991618, z: -0.001139047, w: 0.008451734}
  m_LocalPosition: {x: -0.08385813, y: -0.004289478, z: 0.436262}
  m_LocalScale: {x: 0.9999999, y: 0.9999999, z: 0.9999998}
  m_Children:
  - {fileID: 4121404699468368}
  m_Father: {fileID: 4582429459953702}
  m_RootOrder: 0
  m_LocalEulerAnglesHint: {x: -179.8308, y: -0.9625049, z: 175.4092}
--- !u!1 &1552468998966819
GameObject:
  serializedVersion: 5
  m_Component:
  - component: {fileID: 4121404699468368}
  m_Layer: 0
  m_Name: Puppet_L_Calf
  m_TagString: Untagged
  m_Icon: {fileID: 0}
  m_NavMeshLayer: 0
  m_StaticEditorFlags: 0
  m_IsActive: 1
--- !u!4 &4121404699468368
Transform:
  m_GameObject: {fileID: 1552468998966819}
  m_LocalRotation: {x: -0.006357911, y: -0.001866834, z: 0.1304366, w: 0.9914345}
  m_LocalPosition: {x: -0.7591953, y: -1.788139E-07, z: 8.940697E-08}
  m_LocalScale: {x: 1, y: 1, z: 1}
  m_Children:
  - {fileID: 4550569387136786}
  m_Father: {fileID: 4882368951768120}
  m_RootOrder: 0
  m_LocalEulerAnglesHint: {x: -0.7502489, y: 0.1170598, z: -14.99075}
--- !u!1 &1337610306774259
GameObject:
  serializedVersion: 5
  m_Component:
  - component: {fileID: 4550569387136786}
  m_Layer: 0
  m_Name: Puppet_L_Foot
  m_TagString: Untagged
  m_Icon: {fileID: 0}
  m_NavMeshLayer: 0
  m_StaticEditorFlags: 0
  m_IsActive: 1
--- !u!4 &4550569387136786
Transform:
  m_GameObject: {fileID: 1337610306774259}
  m_LocalRotation: {x: 0.0004503618, y: 0.01178155, z: -0.5692075, w: 0.8221093}
  m_LocalPosition: {x: -0.7885456, y: -8.642673E-07, z: -1.192093E-07}
  m_LocalScale: {x: 1, y: 1, z: 0.9999999}
  m_Children: []
  m_Father: {fileID: 4121404699468368}
  m_RootOrder: 0
  m_LocalEulerAnglesHint: {x: -0.7262039, y: -1.139353, z: 69.4027}
--- !u!1 &1331579277281251
GameObject:
  serializedVersion: 5
  m_Component:
  - component: {fileID: 4306107391666206}
  m_Layer: 0
  m_Name: Puppet_R_Thigh
  m_TagString: Untagged
  m_Icon: {fileID: 0}
  m_NavMeshLayer: 0
  m_StaticEditorFlags: 0
  m_IsActive: 1
--- !u!4 &4306107391666206
Transform:
  m_GameObject: {fileID: 1331579277281251}
  m_LocalRotation: {x: -0.04003743, y: 0.9991618, z: 0.001139119, w: -0.008451924}
  m_LocalPosition: {x: -0.08385813, y: -0.004289448, z: -0.436262}
  m_LocalScale: {x: 0.9999999, y: 0.9999999, z: 1}
  m_Children:
  - {fileID: 4384765626749952}
  m_Father: {fileID: 4582429459953702}
  m_RootOrder: 1
  m_LocalEulerAnglesHint: {x: 179.8308, y: 0.9625263, z: 175.4092}
--- !u!1 &1924557343729019
GameObject:
  serializedVersion: 5
  m_Component:
  - component: {fileID: 4384765626749952}
  m_Layer: 0
  m_Name: Puppet_R_Calf
  m_TagString: Untagged
  m_Icon: {fileID: 0}
  m_NavMeshLayer: 0
  m_StaticEditorFlags: 0
  m_IsActive: 1
--- !u!4 &4384765626749952
Transform:
  m_GameObject: {fileID: 1924557343729019}
  m_LocalRotation: {x: 0.006341996, y: 0.001988915, z: 0.1305564, w: 0.9914187}
  m_LocalPosition: {x: -0.7591953, y: -1.862645E-07, z: 2.980232E-08}
  m_LocalScale: {x: 1, y: 1, z: 0.9999998}
  m_Children:
  - {fileID: 4099474023991623}
  m_Father: {fileID: 4306107391666206}
  m_RootOrder: 0
  m_LocalEulerAnglesHint: {x: 0.7502816, y: -0.1310766, z: -15.00469}
--- !u!1 &1499196620951675
GameObject:
  serializedVersion: 5
  m_Component:
  - component: {fileID: 4099474023991623}
  m_Layer: 0
  m_Name: Puppet_R_Foot
  m_TagString: Untagged
  m_Icon: {fileID: 0}
  m_NavMeshLayer: 0
  m_StaticEditorFlags: 0
  m_IsActive: 1
--- !u!4 &4099474023991623
Transform:
  m_GameObject: {fileID: 1499196620951675}
  m_LocalRotation: {x: -0.0006046817, y: -0.01220854, z: -0.5694147, w: 0.8219596}
  m_LocalPosition: {x: -0.7885454, y: -8.940697E-07, z: -2.086163E-07}
  m_LocalScale: {x: 1, y: 0.9999999, z: 0.9999999}
  m_Children: []
  m_Father: {fileID: 4384765626749952}
  m_RootOrder: 0
  m_LocalEulerAnglesHint: {x: 0.7398338, y: 1.189459, z: 69.43246}
--- !u!1 &1554921194146868
GameObject:
  serializedVersion: 5
  m_Component:
  - component: {fileID: 4767251016696575}
  m_Layer: 0
  m_Name: Puppet_Sheath01
  m_TagString: Untagged
  m_Icon: {fileID: 0}
  m_NavMeshLayer: 0
  m_StaticEditorFlags: 0
  m_IsActive: 1
--- !u!4 &4767251016696575
Transform:
  m_GameObject: {fileID: 1554921194146868}
  m_LocalRotation: {x: 0.1379895, y: 0.8562328, z: -0.3963778, w: 0.3011793}
  m_LocalPosition: {x: -0.587405, y: 0.1604006, z: 0.8045274}
  m_LocalScale: {x: 1, y: 1, z: 0.9999999}
  m_Children:
  - {fileID: 4767640321190600}
  m_Father: {fileID: 4582429459953702}
  m_RootOrder: 2
  m_LocalEulerAnglesHint: {x: -130.2547, y: -38.69328, z: 179.8195}
--- !u!1 &1761117421950163
GameObject:
  serializedVersion: 5
  m_Component:
  - component: {fileID: 4767640321190600}
  m_Layer: 0
  m_Name: Puppet_Sheath02
  m_TagString: Untagged
  m_Icon: {fileID: 0}
  m_NavMeshLayer: 0
  m_StaticEditorFlags: 0
  m_IsActive: 1
--- !u!4 &4767640321190600
Transform:
  m_GameObject: {fileID: 1761117421950163}
  m_LocalRotation: {x: -0.1261365, y: 0.1776058, z: -0.05444678, w: 0.9744647}
  m_LocalPosition: {x: -0.5108148, y: -0.004814625, z: -0.01923895}
  m_LocalScale: {x: 0.9999997, y: 1, z: 1}
  m_Children: []
  m_Father: {fileID: 4767251016696575}
  m_RootOrder: 0
  m_LocalEulerAnglesHint: {x: -16.32938, y: -19.41486, z: 9.207895}
--- !u!1 &1541470620953033
GameObject:
  serializedVersion: 5
  m_Component:
  - component: {fileID: 4617086075423664}
  m_Layer: 0
  m_Name: Puppet_Spine
  m_TagString: Untagged
  m_Icon: {fileID: 0}
  m_NavMeshLayer: 0
  m_StaticEditorFlags: 0
  m_IsActive: 1
--- !u!4 &4617086075423664
Transform:
  m_GameObject: {fileID: 1541470620953033}
  m_LocalRotation: {x: 1.000775E-07, y: -2.163245E-08, z: -0.03063516, w: 0.9995307}
  m_LocalPosition: {x: -0.15448, y: -0.006226242, z: 2.296766E-08}
  m_LocalScale: {x: 0.9999998, y: 1, z: 1}
  m_Children:
  - {fileID: 4878835483719910}
  m_Father: {fileID: 4582429459953702}
  m_RootOrder: 3
  m_LocalEulerAnglesHint: {x: 1.153859E-05, y: 2.126408E-06, z: 3.51108}
--- !u!1 &1973346697560524
GameObject:
  serializedVersion: 5
  m_Component:
  - component: {fileID: 4878835483719910}
  m_Layer: 0
  m_Name: Puppet_Spine1
  m_TagString: Untagged
  m_Icon: {fileID: 0}
  m_NavMeshLayer: 0
  m_StaticEditorFlags: 0
  m_IsActive: 1
--- !u!4 &4878835483719910
Transform:
  m_GameObject: {fileID: 1973346697560524}
  m_LocalRotation: {x: -8.49187E-08, y: 2.153389E-08, z: 0.02593371, w: 0.9996637}
  m_LocalPosition: {x: -0.6718545, y: 0, z: 4.95325E-09}
  m_LocalScale: {x: 1, y: 1, z: 1}
  m_Children:
  - {fileID: 4846782302343133}
  - {fileID: 4959014955864644}
  - {fileID: 4606653662336167}
  m_Father: {fileID: 4617086075423664}
  m_RootOrder: 0
  m_LocalEulerAnglesHint: {x: -9.6637E-06, y: -2.719132E-06, z: -2.972117}
--- !u!1 &1728294675213882
GameObject:
  serializedVersion: 5
  m_Component:
  - component: {fileID: 4846782302343133}
  m_Layer: 0
  m_Name: Puppet_Head
  m_TagString: Untagged
  m_Icon: {fileID: 0}
  m_NavMeshLayer: 0
  m_StaticEditorFlags: 0
  m_IsActive: 1
--- !u!4 &4846782302343133
Transform:
  m_GameObject: {fileID: 1728294675213882}
  m_LocalRotation: {x: -1.539527E-07, y: -5.994937E-08, z: -0.08715587, w: 0.9961947}
  m_LocalPosition: {x: -1.086045, y: -0.09118062, z: -1.009339E-08}
  m_LocalScale: {x: 1, y: 1.000001, z: 1}
  m_Children: []
  m_Father: {fileID: 4878835483719910}
  m_RootOrder: 0
  m_LocalEulerAnglesHint: {x: -1.697582E-05, y: 8.381126E-06, z: 10.00001}
--- !u!1 &1853348130997061
GameObject:
  serializedVersion: 5
  m_Component:
  - component: {fileID: 4959014955864644}
  m_Layer: 0
  m_Name: Puppet_L_Clavicle
  m_TagString: Untagged
  m_Icon: {fileID: 0}
  m_NavMeshLayer: 0
  m_StaticEditorFlags: 0
  m_IsActive: 1
--- !u!4 &4959014955864644
Transform:
  m_GameObject: {fileID: 1853348130997061}
  m_LocalRotation: {x: 0.004480007, y: 0.7383096, z: 0.02595482, w: 0.6739475}
  m_LocalPosition: {x: -0.7703257, y: 0.04293814, z: 0.102381}
  m_LocalScale: {x: 1, y: 1.000001, z: 1.000001}
  m_Children:
  - {fileID: 4064053380337870}
  m_Father: {fileID: 4878835483719910}
  m_RootOrder: 1
  m_LocalEulerAnglesHint: {x: 153.8208, y: -84.22872, z: -155.5632}
--- !u!1 &1984149492462016
GameObject:
  serializedVersion: 5
  m_Component:
  - component: {fileID: 4064053380337870}
  m_Layer: 0
  m_Name: Puppet_L_UpperArm
  m_TagString: Untagged
  m_Icon: {fileID: 0}
  m_NavMeshLayer: 0
  m_StaticEditorFlags: 0
  m_IsActive: 1
--- !u!4 &4064053380337870
Transform:
  m_GameObject: {fileID: 1984149492462016}
  m_LocalRotation: {x: -0.6340305, y: 0.2647385, z: 0.2133835, w: 0.6945404}
  m_LocalPosition: {x: -0.9099441, y: 2.607703E-07, z: 2.384186E-07}
  m_LocalScale: {x: 1, y: 1, z: 1}
  m_Children:
  - {fileID: 4883995419262044}
  m_Father: {fileID: 4959014955864644}
  m_RootOrder: 0
  m_LocalEulerAnglesHint: {x: -85.84019, y: -39.66713, z: 2.926306}
--- !u!1 &1217695610794213
GameObject:
  serializedVersion: 5
  m_Component:
  - component: {fileID: 4883995419262044}
  m_Layer: 0
  m_Name: Puppet_L_Forearm
  m_TagString: Untagged
  m_Icon: {fileID: 0}
  m_NavMeshLayer: 0
  m_StaticEditorFlags: 0
  m_IsActive: 1
--- !u!4 &4883995419262044
Transform:
  m_GameObject: {fileID: 1217695610794213}
  m_LocalRotation: {x: -0.06745009, y: 0.02368921, z: 0.2523733, w: 0.9649855}
  m_LocalPosition: {x: -0.8051772, y: -1.192093E-06, z: 4.172325E-07}
  m_LocalScale: {x: 1, y: 0.9999999, z: 0.9999999}
  m_Children:
  - {fileID: 4231845068301692}
  m_Father: {fileID: 4064053380337870}
  m_RootOrder: 0
  m_LocalEulerAnglesHint: {x: -6.81117, y: -4.575041, z: -29.04027}
--- !u!1 &1818873637991901
GameObject:
  serializedVersion: 5
  m_Component:
  - component: {fileID: 4231845068301692}
  m_Layer: 0
  m_Name: Puppet_L_Hand
  m_TagString: Untagged
  m_Icon: {fileID: 0}
  m_NavMeshLayer: 0
  m_StaticEditorFlags: 0
  m_IsActive: 1
--- !u!4 &4231845068301692
Transform:
  m_GameObject: {fileID: 1818873637991901}
  m_LocalRotation: {x: 0.01033702, y: -0.04711837, z: 0.1476074, w: 0.987869}
  m_LocalPosition: {x: -0.6181649, y: 2.384186E-07, z: 1.713634E-07}
  m_LocalScale: {x: 0.9999999, y: 1, z: 1}
  m_Children: []
  m_Father: {fileID: 4883995419262044}
  m_RootOrder: 0
  m_LocalEulerAnglesHint: {x: 0.3749184, y: 5.517236, z: -16.97846}
--- !u!1 &1149541618941566
GameObject:
  serializedVersion: 5
  m_Component:
  - component: {fileID: 4606653662336167}
  m_Layer: 0
  m_Name: Puppet_R_Clavicle
  m_TagString: Untagged
  m_Icon: {fileID: 0}
  m_NavMeshLayer: 0
  m_StaticEditorFlags: 0
  m_IsActive: 1
--- !u!4 &4606653662336167
Transform:
  m_GameObject: {fileID: 1149541618941566}
  m_LocalRotation: {x: -0.00447819, y: -0.7383095, z: 0.0259564, w: 0.6739476}
  m_LocalPosition: {x: -0.7703257, y: 0.04293814, z: -0.102381}
  m_LocalScale: {x: 0.9999999, y: 1.000001, z: 1.000001}
  m_Children:
  - {fileID: 4135611126132884}
  m_Father: {fileID: 4878835483719910}
  m_RootOrder: 2
  m_LocalEulerAnglesHint: {x: -153.8208, y: 84.22874, z: -155.5634}
--- !u!1 &1487345819134822
GameObject:
  serializedVersion: 5
  m_Component:
  - component: {fileID: 4135611126132884}
  m_Layer: 0
  m_Name: Puppet_R_UpperArm
  m_TagString: Untagged
  m_Icon: {fileID: 0}
  m_NavMeshLayer: 0
  m_StaticEditorFlags: 0
  m_IsActive: 1
--- !u!4 &4135611126132884
Transform:
  m_GameObject: {fileID: 1487345819134822}
  m_LocalRotation: {x: 0.6340309, y: -0.2647389, z: 0.2133836, w: 0.6945398}
  m_LocalPosition: {x: -0.9099441, y: -2.384186E-07, z: -2.384186E-07}
  m_LocalScale: {x: 1, y: 1, z: 1}
  m_Children:
  - {fileID: 4021385790992622}
  m_Father: {fileID: 4606653662336167}
  m_RootOrder: 0
  m_LocalEulerAnglesHint: {x: 85.84029, y: 39.66718, z: 2.926368}
--- !u!1 &1494571523201586
GameObject:
  serializedVersion: 5
  m_Component:
  - component: {fileID: 4021385790992622}
  m_Layer: 0
  m_Name: Puppet_R_Forearm
  m_TagString: Untagged
  m_Icon: {fileID: 0}
  m_NavMeshLayer: 0
  m_StaticEditorFlags: 0
  m_IsActive: 1
--- !u!4 &4021385790992622
Transform:
  m_GameObject: {fileID: 1494571523201586}
  m_LocalRotation: {x: 0.06744996, y: -0.02368871, z: 0.252373, w: 0.9649856}
  m_LocalPosition: {x: -0.8051775, y: -2.384186E-07, z: 7.152557E-07}
  m_LocalScale: {x: 0.9999999, y: 0.9999998, z: 0.9999997}
  m_Children:
  - {fileID: 4293819877790321}
  m_Father: {fileID: 4135611126132884}
  m_RootOrder: 0
  m_LocalEulerAnglesHint: {x: 6.811172, y: 4.574978, z: -29.04023}
--- !u!1 &1798742292735131
GameObject:
  serializedVersion: 5
  m_Component:
  - component: {fileID: 4293819877790321}
  m_Layer: 0
  m_Name: Puppet_R_Hand
  m_TagString: Untagged
  m_Icon: {fileID: 0}
  m_NavMeshLayer: 0
  m_StaticEditorFlags: 0
  m_IsActive: 1
--- !u!4 &4293819877790321
Transform:
  m_GameObject: {fileID: 1798742292735131}
  m_LocalRotation: {x: -0.01033699, y: 0.04711844, z: 0.1476076, w: 0.987869}
  m_LocalPosition: {x: -0.6181647, y: -2.384186E-07, z: 2.980232E-08}
  m_LocalScale: {x: 1, y: 0.9999999, z: 1}
  m_Children:
  - {fileID: 4311529370159394}
  m_Father: {fileID: 4021385790992622}
  m_RootOrder: 0
  m_LocalEulerAnglesHint: {x: -0.3749124, y: -5.517244, z: -16.97848}
--- !u!1 &1192029954770971
GameObject:
  serializedVersion: 5
  m_Component:
  - component: {fileID: 4311529370159394}
  m_Layer: 0
  m_Name: Puppet_Sword
  m_TagString: Untagged
  m_Icon: {fileID: 0}
  m_NavMeshLayer: 0
  m_StaticEditorFlags: 0
  m_IsActive: 1
--- !u!4 &4311529370159394
Transform:
  m_GameObject: {fileID: 1192029954770971}
  m_LocalRotation: {x: 0.5084881, y: 0.5044312, z: 0.5025757, w: -0.4841558}
  m_LocalPosition: {x: -0.305643, y: -0.296447, z: -0.04656855}
  m_LocalScale: {x: 0.9999999, y: 0.9999992, z: 1}
  m_Children: []
  m_Father: {fileID: 4293819877790321}
  m_RootOrder: 0
  m_LocalEulerAnglesHint: {x: 150.613, y: 88.28863, z: -118.099}
--- !u!1 &1865129926873818
GameObject:
  serializedVersion: 5
  m_Component:
  - component: {fileID: 4889735441724412}
  m_Layer: 0
  m_Name: Puppet_Root
  m_TagString: Untagged
  m_Icon: {fileID: 0}
  m_NavMeshLayer: 0
  m_StaticEditorFlags: 0
  m_IsActive: 1
--- !u!4 &4889735441724412
Transform:
  m_GameObject: {fileID: 1865129926873818}
  m_LocalRotation: {x: -0.7071068, y: 0, z: 0, w: 0.7071068}
  m_LocalPosition: {x: 0, y: 0, z: 0}
  m_LocalScale: {x: 1, y: 1, z: 1}
  m_Children: []
  m_Father: {fileID: 4444331538719933}
  m_RootOrder: 3
  m_LocalEulerAnglesHint: {x: -90, y: 0, z: 0}
