%YAML 1.1
%TAG !u! tag:unity3d.com,2011:
--- !u!1001 &100100000
Prefab:
  serializedVersion: 2
  m_Modification:
    m_TransformParent: {fileID: 0}
    m_Modifications: []
    m_RemovedComponents: []
  m_ParentPrefab: {fileID: 0}
  m_RootGameObject: {fileID: 1127666333461031}
  m_IsPrefabParent: 1
--- !u!1 &1127666333461031
GameObject:
  serializedVersion: 5
  m_Component:
  - component: {fileID: 4014534394438512}
  - component: {fileID: 111531386017779907}
  - component: {fileID: 114495731857361749}
  - component: {fileID: 82407454610851085}
  - component: {fileID: 114512805341202105}
  - component: {fileID: 114191604584275257}
  m_Layer: 0
  m_Name: LostGolem
  m_TagString: Untagged
  m_Icon: {fileID: 0}
  m_NavMeshLayer: 0
  m_StaticEditorFlags: 0
  m_IsActive: 1
--- !u!4 &4014534394438512
Transform:
  m_GameObject: {fileID: 1127666333461031}
  m_LocalRotation: {x: 0, y: 0, z: 0, w: 1}
  m_LocalPosition: {x: 0, y: 0, z: 0}
  m_LocalScale: {x: 1, y: 1, z: 1}
  m_Children:
  - {fileID: 4993622314865172}
  - {fileID: 4841253970580366}
  - {fileID: 4701941092749200}
  - {fileID: 4907697981244531}
  m_Father: {fileID: 0}
  m_RootOrder: 0
  m_LocalEulerAnglesHint: {x: 0, y: 0, z: 0}
--- !u!111 &111531386017779907
Animation:
  m_GameObject: {fileID: 1127666333461031}
  m_Enabled: 1
  serializedVersion: 3
  m_Animation: {fileID: 0}
  m_Animations:
  - {fileID: 7400000, guid: 397e3eec9aab4e6438c4bd46c4513fda, type: 2}
  - {fileID: 7400000, guid: dd975ba50ee54e34b9069b36a073aa45, type: 2}
  - {fileID: 7400000, guid: 316eb1bea4764dd468c42b22089931c9, type: 2}
  - {fileID: 7400000, guid: e84bef836c2ecd54da4577a9ef1eaf8f, type: 2}
  - {fileID: 7400000, guid: 2e0c4e004a66bb84aaee5942cf107dc0, type: 2}
  - {fileID: 7400000, guid: 9a239176375c85f40a4f4f846f435f4c, type: 2}
  - {fileID: 7400000, guid: d57db057cb8641d42a36f78cfdbc042b, type: 2}
  - {fileID: 7400000, guid: 11cc4faff5e3e1c4ebc0e5ebf0cff9ed, type: 2}
  m_WrapMode: 0
  m_PlayAutomatically: 0
  m_AnimatePhysics: 0
  m_CullingType: 1
--- !u!114 &114495731857361749
MonoBehaviour:
  m_GameObject: {fileID: 1127666333461031}
  m_Enabled: 1
  m_EditorHideFlags: 0
  m_Script: {fileID: 11500000, guid: 203ebd45b8aad6940846389310fb33f6, type: 3}
  m_Name:
  m_EditorClassIdentifier:
  SpawnEffect: {fileID: 0}
  SpawnAudio: {fileID: 8300000, guid: e2865e01fcb6b3e499e4b0cb4d537b08, type: 3}
  SpawnAudioDelaySecs: 0
  Intro: LostGolem_Intro
  Idle: LostGolem_Idle
  IntroLength: 1.8
  hpBar: {fileID: 0}
--- !u!82 &82407454610851085
AudioSource:
  m_GameObject: {fileID: 1127666333461031}
  m_Enabled: 1
  serializedVersion: 4
  OutputAudioMixerGroup: {fileID: 0}
  m_audioClip: {fileID: 8300000, guid: e2865e01fcb6b3e499e4b0cb4d537b08, type: 3}
  m_PlayOnAwake: 1
  m_Volume: 1
  m_Pitch: 1
  Loop: 0
  Mute: 0
  Spatialize: 0
  SpatializePostEffects: 0
  Priority: 128
  DopplerLevel: 1
  MinDistance: 1
  MaxDistance: 500
  Pan2D: 0
  rolloffMode: 2
  BypassEffects: 0
  BypassListenerEffects: 0
  BypassReverbZones: 0
  rolloffCustomCurve:
    serializedVersion: 2
    m_Curve:
    - serializedVersion: 2
      time: 0
      value: 1
      inSlope: 0
      outSlope: 0
      tangentMode: 0
    - serializedVersion: 2
      time: 1
      value: 1
      inSlope: 0
      outSlope: 0
      tangentMode: 0
    m_PreInfinity: 2
    m_PostInfinity: 2
    m_RotationOrder: 0
  panLevelCustomCurve:
    serializedVersion: 2
    m_Curve:
    - serializedVersion: 2
      time: 0
      value: 0
      inSlope: 0
      outSlope: 0
      tangentMode: 0
    m_PreInfinity: 2
    m_PostInfinity: 2
    m_RotationOrder: 0
  spreadCustomCurve:
    serializedVersion: 2
    m_Curve:
    - serializedVersion: 2
      time: 0
      value: 0
      inSlope: 0
      outSlope: 0
      tangentMode: 0
    m_PreInfinity: 2
    m_PostInfinity: 2
    m_RotationOrder: 0
  reverbZoneMixCustomCurve:
    serializedVersion: 2
    m_Curve:
    - serializedVersion: 2
      time: 0
      value: 1
      inSlope: 0
      outSlope: 0
      tangentMode: 0
    m_PreInfinity: 2
    m_PostInfinity: 2
    m_RotationOrder: 0
--- !u!114 &114512805341202105
MonoBehaviour:
  m_GameObject: {fileID: 1127666333461031}
  m_Enabled: 1
  m_EditorHideFlags: 0
  m_Script: {fileID: 11500000, guid: 816f303b97b032a4d9e1a96b34158d44, type: 3}
  m_Name:
  m_EditorClassIdentifier:
  Tombstone: {fileID: 0}
  Timer: 0
  Idle:
  RemoveTombstone: 0
  DamageDealt: 0
  Flooped: 0
  Crash: 0
--- !u!114 &114191604584275257
MonoBehaviour:
  m_GameObject: {fileID: 1127666333461031}
  m_Enabled: 1
  m_EditorHideFlags: 0
  m_Script: {fileID: 11500000, guid: 9390b1f887e33a34caef2ef05f3f87a5, type: 3}
  m_Name:
  m_EditorClassIdentifier:
  animTarget: {fileID: 0}
  animName:
--- !u!1 &1962388225544756
GameObject:
  serializedVersion: 5
  m_Component:
  - component: {fileID: 4993622314865172}
  - component: {fileID: 137086773614395029}
  m_Layer: 0
  m_Name: LostGolem
  m_TagString: Untagged
  m_Icon: {fileID: 0}
  m_NavMeshLayer: 0
  m_StaticEditorFlags: 0
  m_IsActive: 1
--- !u!4 &4993622314865172
Transform:
  m_GameObject: {fileID: 1962388225544756}
  m_LocalRotation: {x: -0.7071068, y: 0, z: 0, w: 0.7071068}
  m_LocalPosition: {x: 0, y: 0, z: 0}
  m_LocalScale: {x: 1, y: 1, z: 1}
  m_Children: []
  m_Father: {fileID: 4014534394438512}
  m_RootOrder: 0
  m_LocalEulerAnglesHint: {x: -90, y: 0, z: 0}
--- !u!137 &137086773614395029
SkinnedMeshRenderer:
  m_GameObject: {fileID: 1962388225544756}
  m_Enabled: 1
  m_CastShadows: 1
  m_ReceiveShadows: 1
  m_DynamicOccludee: 1
  m_MotionVectors: 1
  m_LightProbeUsage: 0
  m_ReflectionProbeUsage: 1
  m_Materials:
  - {fileID: 2100000, guid: 46a957fb8fb958e4193f042bd78f098a, type: 2}
  m_StaticBatchInfo:
    firstSubMesh: 0
    subMeshCount: 0
  m_StaticBatchRoot: {fileID: 0}
  m_ProbeAnchor: {fileID: 0}
  m_LightProbeVolumeOverride: {fileID: 0}
  m_ScaleInLightmap: 1
  m_PreserveUVs: 0
  m_IgnoreNormalsForChartDetection: 0
  m_ImportantGI: 0
  m_StitchLightmapSeams: 0
  m_SelectedEditorRenderState: 3
  m_MinimumChartSize: 4
  m_AutoUVMaxDistance: 0.5
  m_AutoUVMaxAngle: 89
  m_LightmapParameters: {fileID: 0}
  m_SortingLayerID: 0
  m_SortingLayer: 0
  m_SortingOrder: 0
  serializedVersion: 2
  m_Quality: 0
  m_UpdateWhenOffscreen: 0
  m_skinnedMotionVectors: 0
  m_Mesh: {fileID: 4300000, guid: b05ab91e35070b947ae78cc86df42d14, type: 2}
  m_Bones:
  - {fileID: 4909847519685790}
  - {fileID: 4732355764683419}
  - {fileID: 4114910136126858}
  - {fileID: 4785301995514980}
  - {fileID: 4076916639978097}
  - {fileID: 4701941092749200}
  - {fileID: 4000591034713499}
  - {fileID: 4497232269941310}
  - {fileID: 4677955097301031}
  - {fileID: 4726667575084706}
  - {fileID: 4421871947573905}
  - {fileID: 4885171681856193}
  - {fileID: 4223094413370169}
  - {fileID: 4222708961862265}
  m_BlendShapeWeights: []
  m_RootBone: {fileID: 4701941092749200}
  m_AABB:
    m_Center: {x: -0.1057093, y: 0.3513042, z: -2.384186E-07}
    m_Extent: {x: 2.313921, y: 0.8862661, z: 1.313401}
  m_DirtyAABB: 0
--- !u!1 &1834371295707762
GameObject:
  serializedVersion: 5
  m_Component:
  - component: {fileID: 4841253970580366}
  - component: {fileID: 137781576648663530}
  m_Layer: 0
  m_Name: LostGolem_Outline
  m_TagString: Untagged
  m_Icon: {fileID: 0}
  m_NavMeshLayer: 0
  m_StaticEditorFlags: 0
  m_IsActive: 1
--- !u!4 &4841253970580366
Transform:
  m_GameObject: {fileID: 1834371295707762}
  m_LocalRotation: {x: -0.7071068, y: 0, z: 0, w: 0.7071068}
  m_LocalPosition: {x: 0, y: 0, z: 0}
  m_LocalScale: {x: 1, y: 1, z: 1}
  m_Children: []
  m_Father: {fileID: 4014534394438512}
  m_RootOrder: 1
  m_LocalEulerAnglesHint: {x: -90, y: 0, z: 0}
--- !u!137 &137781576648663530
SkinnedMeshRenderer:
  m_GameObject: {fileID: 1834371295707762}
  m_Enabled: 1
  m_CastShadows: 1
  m_ReceiveShadows: 1
  m_DynamicOccludee: 1
  m_MotionVectors: 1
  m_LightProbeUsage: 0
  m_ReflectionProbeUsage: 1
  m_Materials:
  - {fileID: 2100000, guid: 46a957fb8fb958e4193f042bd78f098a, type: 2}
  m_StaticBatchInfo:
    firstSubMesh: 0
    subMeshCount: 0
  m_StaticBatchRoot: {fileID: 0}
  m_ProbeAnchor: {fileID: 0}
  m_LightProbeVolumeOverride: {fileID: 0}
  m_ScaleInLightmap: 1
  m_PreserveUVs: 0
  m_IgnoreNormalsForChartDetection: 0
  m_ImportantGI: 0
  m_StitchLightmapSeams: 0
  m_SelectedEditorRenderState: 3
  m_MinimumChartSize: 4
  m_AutoUVMaxDistance: 0.5
  m_AutoUVMaxAngle: 89
  m_LightmapParameters: {fileID: 0}
  m_SortingLayerID: 0
  m_SortingLayer: 0
  m_SortingOrder: 0
  serializedVersion: 2
  m_Quality: 0
  m_UpdateWhenOffscreen: 0
  m_skinnedMotionVectors: 0
  m_Mesh: {fileID: 4300000, guid: 784ce880f2b287f438e5e077f9340ebb, type: 2}
  m_Bones:
  - {fileID: 4909847519685790}
  - {fileID: 4732355764683419}
  - {fileID: 4114910136126858}
  - {fileID: 4785301995514980}
  - {fileID: 4076916639978097}
  - {fileID: 4701941092749200}
  - {fileID: 4000591034713499}
  - {fileID: 4497232269941310}
  - {fileID: 4677955097301031}
  - {fileID: 4726667575084706}
  - {fileID: 4421871947573905}
  - {fileID: 4885171681856193}
  - {fileID: 4223094413370169}
  - {fileID: 4222708961862265}
  m_BlendShapeWeights: []
  m_RootBone: {fileID: 4701941092749200}
  m_AABB:
    m_Center: {x: -0.1012754, y: 0.3571293, z: 0}
    m_Extent: {x: 2.368302, y: 0.9286281, z: 1.350464}
  m_DirtyAABB: 0
--- !u!1 &1092421085534756
GameObject:
  serializedVersion: 5
  m_Component:
  - component: {fileID: 4701941092749200}
  m_Layer: 0
  m_Name: Puppet_Pelvis
  m_TagString: Untagged
  m_Icon: {fileID: 0}
  m_NavMeshLayer: 0
  m_StaticEditorFlags: 0
  m_IsActive: 1
--- !u!4 &4701941092749200
Transform:
  m_GameObject: {fileID: 1092421085534756}
  m_LocalRotation: {x: 0.5000001, y: -0.5000001, z: -0.5, w: 0.5}
  m_LocalPosition: {x: 0, y: 1.722003, z: 0.004297581}
  m_LocalScale: {x: 1, y: 0.9999999, z: 0.9999999}
  m_Children:
  - {fileID: 4076916639978097}
  - {fileID: 4885171681856193}
  - {fileID: 4114910136126858}
  - {fileID: 4677955097301031}
  - {fileID: 4909847519685790}
  m_Father: {fileID: 4014534394438512}
  m_RootOrder: 2
  m_LocalEulerAnglesHint: {x: 90.00001, y: 0, z: 90}
--- !u!1 &1805715607275971
GameObject:
  serializedVersion: 5
  m_Component:
  - component: {fileID: 4076916639978097}
  m_Layer: 0
  m_Name: Puppet_Head
  m_TagString: Untagged
  m_Icon: {fileID: 0}
  m_NavMeshLayer: 0
  m_StaticEditorFlags: 0
  m_IsActive: 1
--- !u!4 &4076916639978097
Transform:
  m_GameObject: {fileID: 1805715607275971}
  m_LocalRotation: {x: -3.576298E-07, y: -2.608194E-08, z: -8.821236E-09, w: 1}
  m_LocalPosition: {x: -1.097889, y: 0.6439144, z: -1.509635E-08}
  m_LocalScale: {x: 0.9999997, y: 0.9999998, z: 0.9999997}
  m_Children: []
  m_Father: {fileID: 4701941092749200}
  m_RootOrder: 0
  m_LocalEulerAnglesHint: {x: -4.098135E-05, y: 2.98877E-06, z: 1.010838E-06}
--- !u!1 &1197185061143162
GameObject:
  serializedVersion: 5
  m_Component:
  - component: {fileID: 4885171681856193}
  m_Layer: 0
  m_Name: Puppet_L_Thigh
  m_TagString: Untagged
  m_Icon: {fileID: 0}
  m_NavMeshLayer: 0
  m_StaticEditorFlags: 0
  m_IsActive: 1
--- !u!4 &4885171681856193
Transform:
  m_GameObject: {fileID: 1197185061143162}
  m_LocalRotation: {x: -0.110731, y: 0.9937847, z: -0.01108984, w: 0.002768649}
  m_LocalPosition: {x: -0.064924, y: -0.03047715, z: 0.4148911}
  m_LocalScale: {x: 1, y: 1, z: 0.9999998}
  m_Children:
  - {fileID: 4726667575084706}
  m_Father: {fileID: 4701941092749200}
  m_RootOrder: 1
  m_LocalEulerAnglesHint: {x: -178.7018, y: -0.174575, z: 167.2823}
--- !u!1 &1681501442582708
GameObject:
  serializedVersion: 5
  m_Component:
  - component: {fileID: 4726667575084706}
  m_Layer: 0
  m_Name: Puppet_L_Calf
  m_TagString: Untagged
  m_Icon: {fileID: 0}
  m_NavMeshLayer: 0
  m_StaticEditorFlags: 0
  m_IsActive: 1
--- !u!4 &4726667575084706
Transform:
  m_GameObject: {fileID: 1681501442582708}
  m_LocalRotation: {x: -0.02613074, y: 0.003086559, z: 0.2133619, w: 0.9766188}
  m_LocalPosition: {x: -0.7995927, y: 0, z: -1.192093E-07}
  m_LocalScale: {x: 1, y: 1, z: 1}
  m_Children:
  - {fileID: 4421871947573905}
  m_Father: {fileID: 4885171681856193}
  m_RootOrder: 0
  m_LocalEulerAnglesHint: {x: -2.850482, y: -0.9843551, z: -24.62306}
--- !u!1 &1821502103408743
GameObject:
  serializedVersion: 5
  m_Component:
  - component: {fileID: 4421871947573905}
  m_Layer: 0
  m_Name: Puppet_L_Foot
  m_TagString: Untagged
  m_Icon: {fileID: 0}
  m_NavMeshLayer: 0
  m_StaticEditorFlags: 0
  m_IsActive: 1
--- !u!4 &4421871947573905
Transform:
  m_GameObject: {fileID: 1821502103408743}
  m_LocalRotation: {x: 0.03137083, y: 0.01215075, z: -0.4875087, w: 0.8724698}
  m_LocalPosition: {x: -0.7135924, y: -1.192093E-07, z: 2.980232E-08}
  m_LocalScale: {x: 1, y: 1, z: 1}
  m_Children: []
  m_Father: {fileID: 4726667575084706}
  m_RootOrder: 0
  m_LocalEulerAnglesHint: {x: 2.461648, y: -2.968643, z: 58.32637}
--- !u!1 &1104610937290721
GameObject:
  serializedVersion: 5
  m_Component:
  - component: {fileID: 4114910136126858}
  m_Layer: 0
  m_Name: Puppet_L_UpperArm
  m_TagString: Untagged
  m_Icon: {fileID: 0}
  m_NavMeshLayer: 0
  m_StaticEditorFlags: 0
  m_IsActive: 1
--- !u!4 &4114910136126858
Transform:
  m_GameObject: {fileID: 1104610937290721}
  m_LocalRotation: {x: -2.68466E-07, y: 0.9999086, z: -0.01352535, w: -3.242191E-07}
  m_LocalPosition: {x: -1.033836, y: -0.0129902, z: 1.175259}
  m_LocalScale: {x: 1, y: 1.000001, z: 1}
  m_Children:
  - {fileID: 4785301995514980}
  m_Father: {fileID: 4701941092749200}
  m_RootOrder: 2
  m_LocalEulerAnglesHint: {x: -178.4501, y: 3.756547E-05, z: 180}
--- !u!1 &1413537800435563
GameObject:
  serializedVersion: 5
  m_Component:
  - component: {fileID: 4785301995514980}
  m_Layer: 0
  m_Name: Puppet_L_Forearm
  m_TagString: Untagged
  m_Icon: {fileID: 0}
  m_NavMeshLayer: 0
  m_StaticEditorFlags: 0
  m_IsActive: 1
--- !u!4 &4785301995514980
Transform:
  m_GameObject: {fileID: 1413537800435563}
  m_LocalRotation: {x: -0.01106594, y: -0.004837135, z: -0.3141706, w: 0.9492897}
  m_LocalPosition: {x: -0.9795116, y: -6.705523E-08, z: -7.152557E-07}
  m_LocalScale: {x: 1, y: 0.9999999, z: 1}
  m_Children:
  - {fileID: 4222708961862265}
  m_Father: {fileID: 4114910136126858}
  m_RootOrder: 0
  m_LocalEulerAnglesHint: {x: -1.029806, y: 0.9246147, z: 36.61596}
--- !u!1 &1862998854200604
GameObject:
  serializedVersion: 5
  m_Component:
  - component: {fileID: 4222708961862265}
  m_Layer: 0
  m_Name: Puppet_L_Hand
  m_TagString: Untagged
  m_Icon: {fileID: 0}
  m_NavMeshLayer: 0
  m_StaticEditorFlags: 0
  m_IsActive: 1
--- !u!4 &4222708961862265
Transform:
  m_GameObject: {fileID: 1862998854200604}
  m_LocalRotation: {x: 0.004225789, y: 0.006606675, z: -0.005015183, w: 0.9999567}
  m_LocalPosition: {x: -0.543271, y: -2.384186E-07, z: -2.384186E-07}
  m_LocalScale: {x: 0.9999998, y: 0.9999998, z: 1}
  m_Children: []
  m_Father: {fileID: 4785301995514980}
  m_RootOrder: 0
  m_LocalEulerAnglesHint: {x: 0.4804698, y: -0.7594872, z: 0.5715332}
--- !u!1 &1922592402210624
GameObject:
  serializedVersion: 5
  m_Component:
  - component: {fileID: 4677955097301031}
  m_Layer: 0
  m_Name: Puppet_R_Thigh
  m_TagString: Untagged
  m_Icon: {fileID: 0}
  m_NavMeshLayer: 0
  m_StaticEditorFlags: 0
  m_IsActive: 1
--- !u!4 &4677955097301031
Transform:
  m_GameObject: {fileID: 1922592402210624}
  m_LocalRotation: {x: -0.1107315, y: 0.9937847, z: 0.0110899, w: -0.002768589}
  m_LocalPosition: {x: -0.06492376, y: -0.03047705, z: -0.4148911}
  m_LocalScale: {x: 0.9999999, y: 0.9999999, z: 1}
  m_Children:
  - {fileID: 4497232269941310}
  m_Father: {fileID: 4701941092749200}
  m_RootOrder: 3
  m_LocalEulerAnglesHint: {x: 178.7018, y: 0.1745668, z: 167.2822}
--- !u!1 &1747413387039674
GameObject:
  serializedVersion: 5
  m_Component:
  - component: {fileID: 4497232269941310}
  m_Layer: 0
  m_Name: Puppet_R_Calf
  m_TagString: Untagged
  m_Icon: {fileID: 0}
  m_NavMeshLayer: 0
  m_StaticEditorFlags: 0
  m_IsActive: 1
--- !u!4 &4497232269941310
Transform:
  m_GameObject: {fileID: 1747413387039674}
  m_LocalRotation: {x: 0.02613043, y: -0.003086943, z: 0.2134075, w: 0.9766089}
  m_LocalPosition: {x: -0.7995929, y: -5.960464E-08, z: 2.980232E-07}
  m_LocalScale: {x: 1, y: 1, z: 0.9999998}
  m_Children:
  - {fileID: 4000591034713499}
  m_Father: {fileID: 4677955097301031}
  m_RootOrder: 0
  m_LocalEulerAnglesHint: {x: 2.850393, y: 0.9845237, z: -24.62841}
--- !u!1 &1702245131876407
GameObject:
  serializedVersion: 5
  m_Component:
  - component: {fileID: 4000591034713499}
  m_Layer: 0
  m_Name: Puppet_R_Foot
  m_TagString: Untagged
  m_Icon: {fileID: 0}
  m_NavMeshLayer: 0
  m_StaticEditorFlags: 0
  m_IsActive: 1
--- !u!4 &4000591034713499
Transform:
  m_GameObject: {fileID: 1702245131876407}
  m_LocalRotation: {x: -0.03137094, y: -0.01215, z: -0.4875489, w: 0.8724473}
  m_LocalPosition: {x: -0.7135924, y: -1.117587E-07, z: 5.960464E-08}
  m_LocalScale: {x: 1, y: 0.9999999, z: 1}
  m_Children: []
  m_Father: {fileID: 4497232269941310}
  m_RootOrder: 0
  m_LocalEulerAnglesHint: {x: -2.461564, y: 2.968688, z: 58.33167}
--- !u!1 &1122523159290287
GameObject:
  serializedVersion: 5
  m_Component:
  - component: {fileID: 4909847519685790}
  m_Layer: 0
  m_Name: Puppet_R_UpperArm
  m_TagString: Untagged
  m_Icon: {fileID: 0}
  m_NavMeshLayer: 0
  m_StaticEditorFlags: 0
  m_IsActive: 1
--- !u!4 &4909847519685790
Transform:
  m_GameObject: {fileID: 1122523159290287}
  m_LocalRotation: {x: -2.254746E-07, y: 0.9999086, z: 0.01352539, w: 3.79369E-08}
  m_LocalPosition: {x: -1.033836, y: -0.01299054, z: -1.16159}
  m_LocalScale: {x: 0.9999999, y: 1, z: 1}
  m_Children:
  - {fileID: 4732355764683419}
  m_Father: {fileID: 4701941092749200}
  m_RootOrder: 4
  m_LocalEulerAnglesHint: {x: 178.4501, y: -4.696313E-06, z: 180}
--- !u!1 &1215670005348487
GameObject:
  serializedVersion: 5
  m_Component:
  - component: {fileID: 4732355764683419}
  m_Layer: 0
  m_Name: Puppet_R_Forearm
  m_TagString: Untagged
  m_Icon: {fileID: 0}
  m_NavMeshLayer: 0
  m_StaticEditorFlags: 0
  m_IsActive: 1
--- !u!4 &4732355764683419
Transform:
  m_GameObject: {fileID: 1215670005348487}
  m_LocalRotation: {x: 0.011066, y: 0.004836916, z: -0.3141706, w: 0.9492897}
  m_LocalPosition: {x: -0.9795121, y: 1.490116E-08, z: 1.192093E-07}
  m_LocalScale: {x: 0.9999999, y: 0.9999998, z: 0.9999997}
  m_Children:
  - {fileID: 4223094413370169}
  m_Father: {fileID: 4909847519685790}
  m_RootOrder: 0
  m_LocalEulerAnglesHint: {x: 1.02982, y: -0.924593, z: 36.61596}
--- !u!1 &1159842835892458
GameObject:
  serializedVersion: 5
  m_Component:
  - component: {fileID: 4223094413370169}
  m_Layer: 0
  m_Name: Puppet_R_Hand
  m_TagString: Untagged
  m_Icon: {fileID: 0}
  m_NavMeshLayer: 0
  m_StaticEditorFlags: 0
  m_IsActive: 1
--- !u!4 &4223094413370169
Transform:
  m_GameObject: {fileID: 1159842835892458}
  m_LocalRotation: {x: -0.004225849, y: -0.006606638, z: -0.005015182, w: 0.9999567}
  m_LocalPosition: {x: -0.5432714, y: -2.384186E-07, z: 2.384186E-07}
  m_LocalScale: {x: 1, y: 0.9999998, z: 1}
  m_Children: []
  m_Father: {fileID: 4732355764683419}
  m_RootOrder: 0
  m_LocalEulerAnglesHint: {x: -0.4804767, y: 0.7594829, z: 0.571533}
--- !u!1 &1597649814848662
GameObject:
  serializedVersion: 5
  m_Component:
  - component: {fileID: 4907697981244531}
  m_Layer: 0
  m_Name: Puppet_Root
  m_TagString: Untagged
  m_Icon: {fileID: 0}
  m_NavMeshLayer: 0
  m_StaticEditorFlags: 0
  m_IsActive: 1
--- !u!4 &4907697981244531
Transform:
  m_GameObject: {fileID: 1597649814848662}
  m_LocalRotation: {x: -0.7071068, y: 0, z: 0, w: 0.7071068}
  m_LocalPosition: {x: 0, y: 0, z: 0}
  m_LocalScale: {x: 1, y: 1, z: 1}
  m_Children: []
  m_Father: {fileID: 4014534394438512}
  m_RootOrder: 3
  m_LocalEulerAnglesHint: {x: -90, y: 0, z: 0}
