%YAML 1.1
%TAG !u! tag:unity3d.com,2011:
--- !u!1001 &100100000
Prefab:
  serializedVersion: 2
  m_Modification:
    m_TransformParent: {fileID: 0}
    m_Modifications: []
    m_RemovedComponents: []
  m_ParentPrefab: {fileID: 0}
  m_RootGameObject: {fileID: 1695988387641398}
  m_IsPrefabParent: 1
--- !u!1 &1695988387641398
GameObject:
  serializedVersion: 5
  m_Component:
  - component: {fileID: 4671297194346105}
  - component: {fileID: 111622493439274352}
  - component: {fileID: 114909879171150148}
  - component: {fileID: 82167440262217505}
  - component: {fileID: 114888806247498276}
  - component: {fileID: 114553348312966019}
  m_Layer: 0
  m_Name: low_GhostNinja
  m_TagString: Untagged
  m_Icon: {fileID: 0}
  m_NavMeshLayer: 0
  m_StaticEditorFlags: 0
  m_IsActive: 1
--- !u!4 &4671297194346105
Transform:
  m_GameObject: {fileID: 1695988387641398}
  m_LocalRotation: {x: 0, y: 0, z: 0, w: 1}
  m_LocalPosition: {x: 0, y: 0, z: 0}
  m_LocalScale: {x: 1, y: 1, z: 1}
  m_Children:
  - {fileID: 4468679021856214}
  - {fileID: 4681383453376955}
  - {fileID: 4742039529799017}
  - {fileID: 4090720585649813}
  m_Father: {fileID: 0}
  m_RootOrder: 0
  m_LocalEulerAnglesHint: {x: 0, y: 0, z: 0}
--- !u!111 &111622493439274352
Animation:
  m_GameObject: {fileID: 1695988387641398}
  m_Enabled: 1
  serializedVersion: 3
  m_Animation: {fileID: 0}
  m_Animations:
  - {fileID: 7400000, guid: a7ca3df8c69140648b66ae70221c7932, type: 2}
  - {fileID: 7400000, guid: 1275aa35c91449745abe6d7f938382b9, type: 2}
  - {fileID: 7400000, guid: e84bef836c2ecd54da4577a9ef1eaf8f, type: 2}
  - {fileID: 7400000, guid: 316eb1bea4764dd468c42b22089931c9, type: 2}
  - {fileID: 7400000, guid: d57db057cb8641d42a36f78cfdbc042b, type: 2}
  - {fileID: 7400000, guid: 2e0c4e004a66bb84aaee5942cf107dc0, type: 2}
  - {fileID: 7400000, guid: 9a239176375c85f40a4f4f846f435f4c, type: 2}
  - {fileID: 7400000, guid: 11cc4faff5e3e1c4ebc0e5ebf0cff9ed, type: 2}
  m_WrapMode: 0
  m_PlayAutomatically: 1
  m_AnimatePhysics: 0
  m_CullingType: 1
--- !u!114 &114909879171150148
MonoBehaviour:
  m_GameObject: {fileID: 1695988387641398}
  m_Enabled: 1
  m_EditorHideFlags: 0
  m_Script: {fileID: 11500000, guid: 203ebd45b8aad6940846389310fb33f6, type: 3}
  m_Name:
  m_EditorClassIdentifier:
  SpawnEffect: {fileID: 0}
  SpawnAudio: {fileID: 8300000, guid: b6cc02f1f00e5f042a72b2fbad534916, type: 3}
  SpawnAudioDelaySecs: 0
  Intro: GhostNinja_Intro
  Idle: GhostNinja_Idle
  IntroLength: 1.7
  hpBar: {fileID: 0}
--- !u!82 &82167440262217505
AudioSource:
  m_GameObject: {fileID: 1695988387641398}
  m_Enabled: 1
  serializedVersion: 4
  OutputAudioMixerGroup: {fileID: 0}
  m_audioClip: {fileID: 0}
  m_PlayOnAwake: 0
  m_Volume: 1
  m_Pitch: 1
  Loop: 0
  Mute: 0
  Spatialize: 0
  SpatializePostEffects: 0
  Priority: 128
  DopplerLevel: 1
  MinDistance: 1
  MaxDistance: 500
  Pan2D: 0
  rolloffMode: 2
  BypassEffects: 0
  BypassListenerEffects: 0
  BypassReverbZones: 0
  rolloffCustomCurve:
    serializedVersion: 2
    m_Curve:
    - serializedVersion: 2
      time: 0
      value: 1
      inSlope: 0
      outSlope: 0
      tangentMode: 0
    - serializedVersion: 2
      time: 1
      value: 1
      inSlope: 0
      outSlope: 0
      tangentMode: 0
    m_PreInfinity: 2
    m_PostInfinity: 2
    m_RotationOrder: 0
  panLevelCustomCurve:
    serializedVersion: 2
    m_Curve:
    - serializedVersion: 2
      time: 0
      value: 0
      inSlope: 0
      outSlope: 0
      tangentMode: 0
    m_PreInfinity: 2
    m_PostInfinity: 2
    m_RotationOrder: 0
  spreadCustomCurve:
    serializedVersion: 2
    m_Curve:
    - serializedVersion: 2
      time: 0
      value: 0
      inSlope: 0
      outSlope: 0
      tangentMode: 0
    m_PreInfinity: 2
    m_PostInfinity: 2
    m_RotationOrder: 0
  reverbZoneMixCustomCurve:
    serializedVersion: 2
    m_Curve:
    - serializedVersion: 2
      time: 0
      value: 1
      inSlope: 0
      outSlope: 0
      tangentMode: 0
    m_PreInfinity: 2
    m_PostInfinity: 2
    m_RotationOrder: 0
--- !u!114 &114888806247498276
MonoBehaviour:
  m_GameObject: {fileID: 1695988387641398}
  m_Enabled: 1
  m_EditorHideFlags: 0
  m_Script: {fileID: 11500000, guid: 816f303b97b032a4d9e1a96b34158d44, type: 3}
  m_Name:
  m_EditorClassIdentifier:
  Tombstone: {fileID: 0}
  Timer: 0
  Idle:
  RemoveTombstone: 0
  DamageDealt: 0
  Flooped: 0
  Crash: 0
--- !u!114 &114553348312966019
MonoBehaviour:
  m_GameObject: {fileID: 1695988387641398}
  m_Enabled: 1
  m_EditorHideFlags: 0
  m_Script: {fileID: 11500000, guid: 9390b1f887e33a34caef2ef05f3f87a5, type: 3}
  m_Name:
  m_EditorClassIdentifier:
  animTarget: {fileID: 0}
  animName:
--- !u!1 &1575846079070483
GameObject:
  serializedVersion: 5
  m_Component:
  - component: {fileID: 4468679021856214}
  - component: {fileID: 137298594272595582}
  m_Layer: 0
  m_Name: GhostNinja
  m_TagString: Untagged
  m_Icon: {fileID: 0}
  m_NavMeshLayer: 0
  m_StaticEditorFlags: 0
  m_IsActive: 1
--- !u!4 &4468679021856214
Transform:
  m_GameObject: {fileID: 1575846079070483}
  m_LocalRotation: {x: -0.7071068, y: 0, z: 0, w: 0.7071068}
  m_LocalPosition: {x: 0, y: 0, z: 0}
  m_LocalScale: {x: 1, y: 1, z: 1}
  m_Children: []
  m_Father: {fileID: 4671297194346105}
  m_RootOrder: 0
  m_LocalEulerAnglesHint: {x: -90, y: 0, z: 0}
--- !u!137 &137298594272595582
SkinnedMeshRenderer:
  m_GameObject: {fileID: 1575846079070483}
  m_Enabled: 1
  m_CastShadows: 1
  m_ReceiveShadows: 1
  m_DynamicOccludee: 1
  m_MotionVectors: 1
  m_LightProbeUsage: 0
  m_ReflectionProbeUsage: 1
  m_Materials:
  - {fileID: 2100000, guid: 98b8a2cd1f1473849b097a6b49341236, type: 2}
  m_StaticBatchInfo:
    firstSubMesh: 0
    subMeshCount: 0
  m_StaticBatchRoot: {fileID: 0}
  m_ProbeAnchor: {fileID: 0}
  m_LightProbeVolumeOverride: {fileID: 0}
  m_ScaleInLightmap: 1
  m_PreserveUVs: 0
  m_IgnoreNormalsForChartDetection: 0
  m_ImportantGI: 0
  m_StitchLightmapSeams: 0
  m_SelectedEditorRenderState: 3
  m_MinimumChartSize: 4
  m_AutoUVMaxDistance: 0.5
  m_AutoUVMaxAngle: 89
  m_LightmapParameters: {fileID: 0}
  m_SortingLayerID: 0
  m_SortingLayer: 0
  m_SortingOrder: 0
  serializedVersion: 2
  m_Quality: 0
  m_UpdateWhenOffscreen: 0
  m_skinnedMotionVectors: 0
  m_Mesh: {fileID: 4300000, guid: 39520d0bd4a606745b45bde282d44c29, type: 2}
  m_Bones:
  - {fileID: 4742039529799017}
  - {fileID: 4509147634040634}
  - {fileID: 4404285366817266}
  - {fileID: 4586164723150240}
  - {fileID: 4958124115968678}
  - {fileID: 4512363327878640}
  - {fileID: 4476273096235170}
  - {fileID: 4032408768383272}
  - {fileID: 4649261994368460}
  - {fileID: 4289491623055606}
  - {fileID: 4229435948722881}
  - {fileID: 4263037455753977}
  - {fileID: 4783118038734176}
  - {fileID: 4247023405109151}
  - {fileID: 4166752539330920}
  - {fileID: 4259186832294140}
  - {fileID: 4666290148100036}
  - {fileID: 4950173939923119}
  - {fileID: 4219630530549570}
  - {fileID: 4848130212946408}
  - {fileID: 4051250895073338}
  - {fileID: 4875789429903705}
  - {fileID: 4908982244047756}
  - {fileID: 4882760928582394}
  - {fileID: 4304585150834814}
  - {fileID: 4992805063848672}
  m_BlendShapeWeights: []
  m_RootBone: {fileID: 4742039529799017}
  m_AABB:
    m_Center: {x: 0.3835893, y: 0.2917427, z: -0.1857629}
    m_Extent: {x: 3.17411, y: 0.8400712, z: 3.320473}
  m_DirtyAABB: 0
--- !u!1 &1049455729658579
GameObject:
  serializedVersion: 5
  m_Component:
  - component: {fileID: 4681383453376955}
  - component: {fileID: 137840471641210127}
  m_Layer: 0
  m_Name: GhostNinja_Outline
  m_TagString: Untagged
  m_Icon: {fileID: 0}
  m_NavMeshLayer: 0
  m_StaticEditorFlags: 0
  m_IsActive: 1
--- !u!4 &4681383453376955
Transform:
  m_GameObject: {fileID: 1049455729658579}
  m_LocalRotation: {x: -0.7071068, y: 0, z: 0, w: 0.7071068}
  m_LocalPosition: {x: 0, y: 0, z: 0}
  m_LocalScale: {x: 1, y: 1, z: 1}
  m_Children: []
  m_Father: {fileID: 4671297194346105}
  m_RootOrder: 1
  m_LocalEulerAnglesHint: {x: -90, y: 0, z: 0}
--- !u!137 &137840471641210127
SkinnedMeshRenderer:
  m_GameObject: {fileID: 1049455729658579}
  m_Enabled: 1
  m_CastShadows: 1
  m_ReceiveShadows: 1
  m_DynamicOccludee: 1
  m_MotionVectors: 1
  m_LightProbeUsage: 0
  m_ReflectionProbeUsage: 1
  m_Materials:
  - {fileID: 2100000, guid: 98b8a2cd1f1473849b097a6b49341236, type: 2}
  m_StaticBatchInfo:
    firstSubMesh: 0
    subMeshCount: 0
  m_StaticBatchRoot: {fileID: 0}
  m_ProbeAnchor: {fileID: 0}
  m_LightProbeVolumeOverride: {fileID: 0}
  m_ScaleInLightmap: 1
  m_PreserveUVs: 0
  m_IgnoreNormalsForChartDetection: 0
  m_ImportantGI: 0
  m_StitchLightmapSeams: 0
  m_SelectedEditorRenderState: 3
  m_MinimumChartSize: 4
  m_AutoUVMaxDistance: 0.5
  m_AutoUVMaxAngle: 89
  m_LightmapParameters: {fileID: 0}
  m_SortingLayerID: 0
  m_SortingLayer: 0
  m_SortingOrder: 0
  serializedVersion: 2
  m_Quality: 0
  m_UpdateWhenOffscreen: 0
  m_skinnedMotionVectors: 0
  m_Mesh: {fileID: 4300000, guid: 97be640df7136394d8e2735068b3a3a8, type: 2}
  m_Bones:
  - {fileID: 4742039529799017}
  - {fileID: 4509147634040634}
  - {fileID: 4404285366817266}
  - {fileID: 4586164723150240}
  - {fileID: 4958124115968678}
  - {fileID: 4512363327878640}
  - {fileID: 4476273096235170}
  - {fileID: 4032408768383272}
  - {fileID: 4649261994368460}
  - {fileID: 4289491623055606}
  - {fileID: 4229435948722881}
  - {fileID: 4263037455753977}
  - {fileID: 4783118038734176}
  - {fileID: 4247023405109151}
  - {fileID: 4166752539330920}
  - {fileID: 4259186832294140}
  - {fileID: 4666290148100036}
  - {fileID: 4950173939923119}
  - {fileID: 4219630530549570}
  - {fileID: 4848130212946408}
  - {fileID: 4051250895073338}
  - {fileID: 4875789429903705}
  - {fileID: 4908982244047756}
  - {fileID: 4882760928582394}
  - {fileID: 4304585150834814}
  - {fileID: 4992805063848672}
  m_BlendShapeWeights: []
  m_RootBone: {fileID: 4742039529799017}
  m_AABB:
    m_Center: {x: 0.3835917, y: 0.2967274, z: -0.1875548}
    m_Extent: {x: 3.190612, y: 0.8583541, z: 3.342095}
  m_DirtyAABB: 0
--- !u!1 &1001315049614813
GameObject:
  serializedVersion: 5
  m_Component:
  - component: {fileID: 4742039529799017}
  m_Layer: 0
  m_Name: Puppet_Pelvis
  m_TagString: Untagged
  m_Icon: {fileID: 0}
  m_NavMeshLayer: 0
  m_StaticEditorFlags: 0
  m_IsActive: 1
--- !u!4 &4742039529799017
Transform:
  m_GameObject: {fileID: 1001315049614813}
  m_LocalRotation: {x: 0.5000001, y: -0.5000001, z: -0.5, w: 0.5}
  m_LocalPosition: {x: 1.406875E-13, y: 3.934407, z: 0.003669548}
  m_LocalScale: {x: 1, y: 1, z: 1}
  m_Children:
  - {fileID: 4666290148100036}
  - {fileID: 4219630530549570}
  - {fileID: 4509147634040634}
  m_Father: {fileID: 4671297194346105}
  m_RootOrder: 2
  m_LocalEulerAnglesHint: {x: 90.00001, y: 0, z: 90}
--- !u!1 &1034691876184458
GameObject:
  serializedVersion: 5
  m_Component:
  - component: {fileID: 4666290148100036}
  m_Layer: 0
  m_Name: Puppet_LegL_00
  m_TagString: Untagged
  m_Icon: {fileID: 0}
  m_NavMeshLayer: 0
  m_StaticEditorFlags: 0
  m_IsActive: 1
--- !u!4 &4666290148100036
Transform:
  m_GameObject: {fileID: 1034691876184458}
  m_LocalRotation: {x: 0.0003771583, y: 0.7071074, z: 0.7071061, w: -0.0003775606}
  m_LocalPosition: {x: 0.1647363, y: 0.005451703, z: 0.326886}
  m_LocalScale: {x: 1, y: 0.9999999, z: 1}
  m_Children:
  - {fileID: 4950173939923119}
  m_Father: {fileID: 4742039529799017}
  m_RootOrder: 0
  m_LocalEulerAnglesHint: {x: 90.0001, y: 0.06115372, z: 180}
--- !u!1 &1223692370043539
GameObject:
  serializedVersion: 5
  m_Component:
  - component: {fileID: 4950173939923119}
  m_Layer: 0
  m_Name: Puppet_LegL_01
  m_TagString: Untagged
  m_Icon: {fileID: 0}
  m_NavMeshLayer: 0
  m_StaticEditorFlags: 0
  m_IsActive: 1
--- !u!4 &4950173939923119
Transform:
  m_GameObject: {fileID: 1223692370043539}
  m_LocalRotation: {x: -2.384984E-07, y: -8.009361E-08, z: -5.822678E-11, w: 1}
  m_LocalPosition: {x: -0.9581786, y: 0.001023209, z: 0.08382922}
  m_LocalScale: {x: 0.9999996, y: 0.9999999, z: 0.9999996}
  m_Children:
  - {fileID: 4992805063848672}
  m_Father: {fileID: 4666290148100036}
  m_RootOrder: 0
  m_LocalEulerAnglesHint: {x: -2.73299E-05, y: 9.178051E-06, z: 6.670109E-09}
--- !u!1 &1712711284013504
GameObject:
  serializedVersion: 5
  m_Component:
  - component: {fileID: 4992805063848672}
  m_Layer: 0
  m_Name: Puppet_LegL_02
  m_TagString: Untagged
  m_Icon: {fileID: 0}
  m_NavMeshLayer: 0
  m_StaticEditorFlags: 0
  m_IsActive: 1
--- !u!4 &4992805063848672
Transform:
  m_GameObject: {fileID: 1712711284013504}
  m_LocalRotation: {x: 1.976197E-14, y: 0, z: 0, w: 1}
  m_LocalPosition: {x: -0.6083043, y: 0.0006492667, z: 0.0105999}
  m_LocalScale: {x: 1, y: 1, z: 1}
  m_Children:
  - {fileID: 4882760928582394}
  m_Father: {fileID: 4950173939923119}
  m_RootOrder: 0
  m_LocalEulerAnglesHint: {x: 2.264555E-12, y: 0, z: 0}
--- !u!1 &1538550081919483
GameObject:
  serializedVersion: 5
  m_Component:
  - component: {fileID: 4882760928582394}
  m_Layer: 0
  m_Name: Puppet_LegL_03
  m_TagString: Untagged
  m_Icon: {fileID: 0}
  m_NavMeshLayer: 0
  m_StaticEditorFlags: 0
  m_IsActive: 1
--- !u!4 &4882760928582394
Transform:
  m_GameObject: {fileID: 1538550081919483}
  m_LocalRotation: {x: 1.976197E-14, y: 0, z: 0, w: 1}
  m_LocalPosition: {x: -0.6083043, y: 0.0006492913, z: 0.01059989}
  m_LocalScale: {x: 1, y: 1, z: 1}
  m_Children:
  - {fileID: 4304585150834814}
  m_Father: {fileID: 4992805063848672}
  m_RootOrder: 0
  m_LocalEulerAnglesHint: {x: 2.264555E-12, y: 0, z: 0}
--- !u!1 &1173086877822500
GameObject:
  serializedVersion: 5
  m_Component:
  - component: {fileID: 4304585150834814}
  m_Layer: 0
  m_Name: Puppet_LegL_04
  m_TagString: Untagged
  m_Icon: {fileID: 0}
  m_NavMeshLayer: 0
  m_StaticEditorFlags: 0
  m_IsActive: 1
--- !u!4 &4304585150834814
Transform:
  m_GameObject: {fileID: 1173086877822500}
  m_LocalRotation: {x: 1.976197E-14, y: 0, z: 0, w: 1}
  m_LocalPosition: {x: -0.6083044, y: 0.0006492667, z: 0.0105999}
  m_LocalScale: {x: 1, y: 1, z: 1}
  m_Children: []
  m_Father: {fileID: 4882760928582394}
  m_RootOrder: 0
  m_LocalEulerAnglesHint: {x: 2.264555E-12, y: 0, z: 0}
--- !u!1 &1757776034180515
GameObject:
  serializedVersion: 5
  m_Component:
  - component: {fileID: 4219630530549570}
  m_Layer: 0
  m_Name: Puppet_LegR_00
  m_TagString: Untagged
  m_Icon: {fileID: 0}
  m_NavMeshLayer: 0
  m_StaticEditorFlags: 0
  m_IsActive: 1
--- !u!4 &4219630530549570
Transform:
  m_GameObject: {fileID: 1757776034180515}
  m_LocalRotation: {x: 0.0003772657, y: 0.7071074, z: 0.7071061, w: -0.0003776667}
  m_LocalPosition: {x: 0.1647363, y: 0.005451703, z: -0.326886}
  m_LocalScale: {x: 0.9999999, y: 0.9999999, z: 1}
  m_Children:
  - {fileID: 4848130212946408}
  m_Father: {fileID: 4742039529799017}
  m_RootOrder: 1
  m_LocalEulerAnglesHint: {x: 90.0001, y: 0.06117102, z: 180}
--- !u!1 &1182878043920742
GameObject:
  serializedVersion: 5
  m_Component:
  - component: {fileID: 4848130212946408}
  m_Layer: 0
  m_Name: Puppet_LegR_01
  m_TagString: Untagged
  m_Icon: {fileID: 0}
  m_NavMeshLayer: 0
  m_StaticEditorFlags: 0
  m_IsActive: 1
--- !u!4 &4848130212946408
Transform:
  m_GameObject: {fileID: 1182878043920742}
  m_LocalRotation: {x: -2.385072E-07, y: -8.009362E-08, z: -5.822678E-11, w: 1}
  m_LocalPosition: {x: -0.9581786, y: 0.001022717, z: 0.08382922}
  m_LocalScale: {x: 0.9999997, y: 0.9999999, z: 0.9999996}
  m_Children:
  - {fileID: 4908982244047756}
  m_Father: {fileID: 4219630530549570}
  m_RootOrder: 0
  m_LocalEulerAnglesHint: {x: -2.733091E-05, y: 9.178053E-06, z: 6.670109E-09}
--- !u!1 &1496548741923789
GameObject:
  serializedVersion: 5
  m_Component:
  - component: {fileID: 4908982244047756}
  m_Layer: 0
  m_Name: Puppet_LegR_02
  m_TagString: Untagged
  m_Icon: {fileID: 0}
  m_NavMeshLayer: 0
  m_StaticEditorFlags: 0
  m_IsActive: 1
--- !u!4 &4908982244047756
Transform:
  m_GameObject: {fileID: 1496548741923789}
  m_LocalRotation: {x: 1.787459E-14, y: 0, z: 0, w: 1}
  m_LocalPosition: {x: -0.6083043, y: 0.0006494388, z: 0.01059989}
  m_LocalScale: {x: 1, y: 1, z: 1}
  m_Children:
  - {fileID: 4051250895073338}
  m_Father: {fileID: 4848130212946408}
  m_RootOrder: 0
  m_LocalEulerAnglesHint: {x: 2.048277E-12, y: 0, z: 0}
--- !u!1 &1799756246936261
GameObject:
  serializedVersion: 5
  m_Component:
  - component: {fileID: 4051250895073338}
  m_Layer: 0
  m_Name: Puppet_LegR_03
  m_TagString: Untagged
  m_Icon: {fileID: 0}
  m_NavMeshLayer: 0
  m_StaticEditorFlags: 0
  m_IsActive: 1
--- !u!4 &4051250895073338
Transform:
  m_GameObject: {fileID: 1799756246936261}
  m_LocalRotation: {x: 1.787459E-14, y: 0, z: 0, w: 1}
  m_LocalPosition: {x: -0.6083042, y: 0.0006494634, z: 0.0105999}
  m_LocalScale: {x: 1, y: 1, z: 1}
  m_Children:
  - {fileID: 4875789429903705}
  m_Father: {fileID: 4908982244047756}
  m_RootOrder: 0
  m_LocalEulerAnglesHint: {x: 2.048277E-12, y: 0, z: 0}
--- !u!1 &1504170889396122
GameObject:
  serializedVersion: 5
  m_Component:
  - component: {fileID: 4875789429903705}
  m_Layer: 0
  m_Name: Puppet_LegR_04
  m_TagString: Untagged
  m_Icon: {fileID: 0}
  m_NavMeshLayer: 0
  m_StaticEditorFlags: 0
  m_IsActive: 1
--- !u!4 &4875789429903705
Transform:
  m_GameObject: {fileID: 1504170889396122}
  m_LocalRotation: {x: 1.787459E-14, y: 0, z: 0, w: 1}
  m_LocalPosition: {x: -0.6083043, y: 0.0006494634, z: 0.0105999}
  m_LocalScale: {x: 1, y: 1, z: 1}
  m_Children: []
  m_Father: {fileID: 4051250895073338}
  m_RootOrder: 0
  m_LocalEulerAnglesHint: {x: 2.048277E-12, y: 0, z: 0}
--- !u!1 &1841152900356092
GameObject:
  serializedVersion: 5
  m_Component:
  - component: {fileID: 4509147634040634}
  m_Layer: 0
  m_Name: Puppet_Spine
  m_TagString: Untagged
  m_Icon: {fileID: 0}
  m_NavMeshLayer: 0
  m_StaticEditorFlags: 0
  m_IsActive: 1
--- !u!4 &4509147634040634
Transform:
  m_GameObject: {fileID: 1841152900356092}
  m_LocalRotation: {x: -7.01847E-09, y: -7.241266E-08, z: -0.05233593, w: 0.9986296}
  m_LocalPosition: {x: -0.2746595, y: -0.02141024, z: 2.427055E-09}
  m_LocalScale: {x: 0.9999999, y: 0.9999996, z: 0.9999999}
  m_Children:
  - {fileID: 4404285366817266}
  m_Father: {fileID: 4742039529799017}
  m_RootOrder: 2
  m_LocalEulerAnglesHint: {x: -3.68878E-07, y: 8.328599E-06, z: 5.999997}
--- !u!1 &1043505265020114
GameObject:
  serializedVersion: 5
  m_Component:
  - component: {fileID: 4404285366817266}
  m_Layer: 0
  m_Name: Puppet_Spine1
  m_TagString: Untagged
  m_Icon: {fileID: 0}
  m_NavMeshLayer: 0
  m_StaticEditorFlags: 0
  m_IsActive: 1
--- !u!4 &4404285366817266
Transform:
  m_GameObject: {fileID: 1043505265020114}
  m_LocalRotation: {x: 7.481488E-09, y: 4.604643E-08, z: 0.01172072, w: 0.9999313}
  m_LocalPosition: {x: -0.5912095, y: -9.834766E-08, z: 7.48824E-08}
  m_LocalScale: {x: 1, y: 1, z: 0.9999999}
  m_Children:
  - {fileID: 4586164723150240}
  - {fileID: 4032408768383272}
  - {fileID: 4783118038734176}
  m_Father: {fileID: 4509147634040634}
  m_RootOrder: 0
  m_LocalEulerAnglesHint: {x: 9.191012E-07, y: -5.266121E-06, z: -1.343127}
--- !u!1 &1907383819961270
GameObject:
  serializedVersion: 5
  m_Component:
  - component: {fileID: 4586164723150240}
  m_Layer: 0
  m_Name: Puppet_Head
  m_TagString: Untagged
  m_Icon: {fileID: 0}
  m_NavMeshLayer: 0
  m_StaticEditorFlags: 0
  m_IsActive: 1
--- !u!4 &4586164723150240
Transform:
  m_GameObject: {fileID: 1907383819961270}
  m_LocalRotation: {x: 8.048447E-08, y: 1.740262E-07, z: 0.04062758, w: 0.9991744}
  m_LocalPosition: {x: -0.5645203, y: 0.03824404, z: 1.551114E-08}
  m_LocalScale: {x: 0.9999997, y: 1, z: 1}
  m_Children:
  - {fileID: 4958124115968678}
  m_Father: {fileID: 4404285366817266}
  m_RootOrder: 0
  m_LocalEulerAnglesHint: {x: 1.002542E-05, y: -1.955077E-05, z: -4.656859}
--- !u!1 &1963985984131136
GameObject:
  serializedVersion: 5
  m_Component:
  - component: {fileID: 4958124115968678}
  m_Layer: 0
  m_Name: Puppet_HeadTop
  m_TagString: Untagged
  m_Icon: {fileID: 0}
  m_NavMeshLayer: 0
  m_StaticEditorFlags: 0
  m_IsActive: 1
--- !u!4 &4958124115968678
Transform:
  m_GameObject: {fileID: 1963985984131136}
  m_LocalRotation: {x: -5.63217E-08, y: -1.433374E-07, z: 1.769477E-08, w: 1}
  m_LocalPosition: {x: -0.6183759, y: -4.917383E-08, z: -3.302601E-07}
  m_LocalScale: {x: 1, y: 1, z: 1}
  m_Children: []
  m_Father: {fileID: 4586164723150240}
  m_RootOrder: 0
  m_LocalEulerAnglesHint: {x: -6.453992E-06, y: 1.642526E-05, z: -2.027672E-06}
--- !u!1 &1390345729303424
GameObject:
  serializedVersion: 5
  m_Component:
  - component: {fileID: 4032408768383272}
  m_Layer: 0
  m_Name: Puppet_L_UpperArm
  m_TagString: Untagged
  m_Icon: {fileID: 0}
  m_NavMeshLayer: 0
  m_StaticEditorFlags: 0
  m_IsActive: 1
--- !u!4 &4032408768383272
Transform:
  m_GameObject: {fileID: 1390345729303424}
  m_LocalRotation: {x: -0.5129696, y: 0.4742001, z: 0.5266834, w: 0.4843563}
  m_LocalPosition: {x: -0.4267317, y: -0.07456412, z: 0.4748881}
  m_LocalScale: {x: 1, y: 0.9999997, z: 1}
  m_Children:
  - {fileID: 4263037455753977}
  m_Father: {fileID: 4404285366817266}
  m_RootOrder: 1
  m_LocalEulerAnglesHint: {x: 6.152979, y: -88.61721, z: -100.8011}
--- !u!1 &1591666434229165
GameObject:
  serializedVersion: 5
  m_Component:
  - component: {fileID: 4263037455753977}
  m_Layer: 0
  m_Name: Puppet_L_UpperArm1
  m_TagString: Untagged
  m_Icon: {fileID: 0}
  m_NavMeshLayer: 0
  m_StaticEditorFlags: 0
  m_IsActive: 1
--- !u!4 &4263037455753977
Transform:
  m_GameObject: {fileID: 1591666434229165}
  m_LocalRotation: {x: -0.001733009, y: 0.06263878, z: 0.005347881, w: 0.9980205}
  m_LocalPosition: {x: -0.684776, y: 0, z: -1.35228E-07}
  m_LocalScale: {x: 1, y: 1, z: 1}
  m_Children:
  - {fileID: 4229435948722881}
  m_Father: {fileID: 4032408768383272}
  m_RootOrder: 0
  m_LocalEulerAnglesHint: {x: -0.1610732, y: -7.183534, z: -0.6039211}
--- !u!1 &1624202644373350
GameObject:
  serializedVersion: 5
  m_Component:
  - component: {fileID: 4229435948722881}
  m_Layer: 0
  m_Name: Puppet_L_Forearm
  m_TagString: Untagged
  m_Icon: {fileID: 0}
  m_NavMeshLayer: 0
  m_StaticEditorFlags: 0
  m_IsActive: 1
--- !u!4 &4229435948722881
Transform:
  m_GameObject: {fileID: 1624202644373350}
  m_LocalRotation: {x: 0.0007056966, y: 0.1345368, z: 0.00325195, w: 0.990903}
  m_LocalPosition: {x: -0.6764824, y: 0, z: 6.146729E-08}
  m_LocalScale: {x: 1, y: 1, z: 1}
  m_Children:
  - {fileID: 4649261994368460}
  m_Father: {fileID: 4263037455753977}
  m_RootOrder: 0
  m_LocalEulerAnglesHint: {x: 0.1351585, y: -15.46331, z: -0.3944159}
--- !u!1 &1855009367962990
GameObject:
  serializedVersion: 5
  m_Component:
  - component: {fileID: 4649261994368460}
  m_Layer: 0
  m_Name: Puppet_L_Forearm1
  m_TagString: Untagged
  m_Icon: {fileID: 0}
  m_NavMeshLayer: 0
  m_StaticEditorFlags: 0
  m_IsActive: 1
--- !u!4 &4649261994368460
Transform:
  m_GameObject: {fileID: 1855009367962990}
  m_LocalRotation: {x: -0.00677822, y: 0.1142865, z: -0.01285931, w: 0.9933415}
  m_LocalPosition: {x: -0.5721615, y: -3.933906E-07, z: 9.834766E-08}
  m_LocalScale: {x: 1, y: 1, z: 1}
  m_Children:
  - {fileID: 4289491623055606}
  m_Father: {fileID: 4229435948722881}
  m_RootOrder: 0
  m_LocalEulerAnglesHint: {x: -0.9651769, y: -13.11327, z: 1.5943}
--- !u!1 &1725186385954923
GameObject:
  serializedVersion: 5
  m_Component:
  - component: {fileID: 4289491623055606}
  m_Layer: 0
  m_Name: Puppet_L_Hand
  m_TagString: Untagged
  m_Icon: {fileID: 0}
  m_NavMeshLayer: 0
  m_StaticEditorFlags: 0
  m_IsActive: 1
--- !u!4 &4289491623055606
Transform:
  m_GameObject: {fileID: 1725186385954923}
  m_LocalRotation: {x: 0.66883, y: 0.08586511, z: -0.02170404, w: 0.738121}
  m_LocalPosition: {x: -0.6170031, y: 0, z: 0}
  m_LocalScale: {x: 1, y: 0.9999999, z: 0.9999999}
  m_Children: []
  m_Father: {fileID: 4649261994368460}
  m_RootOrder: 0
  m_LocalEulerAnglesHint: {x: 84.73818, y: -8.962634, z: -4.809415}
--- !u!1 &1399781486412637
GameObject:
  serializedVersion: 5
  m_Component:
  - component: {fileID: 4783118038734176}
  m_Layer: 0
  m_Name: Puppet_R_UpperArm
  m_TagString: Untagged
  m_Icon: {fileID: 0}
  m_NavMeshLayer: 0
  m_StaticEditorFlags: 0
  m_IsActive: 1
--- !u!4 &4783118038734176
Transform:
  m_GameObject: {fileID: 1399781486412637}
  m_LocalRotation: {x: -0.4775335, y: -0.5307673, z: -0.4742024, w: 0.5151504}
  m_LocalPosition: {x: -0.4267325, y: -0.07456408, z: -0.4748883}
  m_LocalScale: {x: 1, y: 0.9999998, z: 1}
  m_Children:
  - {fileID: 4259186832294140}
  m_Father: {fileID: 4404285366817266}
  m_RootOrder: 2
  m_LocalEulerAnglesHint: {x: 149.7401, y: 88.7061, z: -125.6584}
--- !u!1 &1145206079806344
GameObject:
  serializedVersion: 5
  m_Component:
  - component: {fileID: 4259186832294140}
  m_Layer: 0
  m_Name: Puppet_R_UpperArm1
  m_TagString: Untagged
  m_Icon: {fileID: 0}
  m_NavMeshLayer: 0
  m_StaticEditorFlags: 0
  m_IsActive: 1
--- !u!4 &4259186832294140
Transform:
  m_GameObject: {fileID: 1145206079806344}
  m_LocalRotation: {x: -0.0007138221, y: 0.06235173, z: 0.001996441, w: 0.998052}
  m_LocalPosition: {x: -0.6824281, y: 0, z: 2.766028E-07}
  m_LocalScale: {x: 1, y: 0.9999999, z: 1}
  m_Children:
  - {fileID: 4166752539330920}
  m_Father: {fileID: 4783118038734176}
  m_RootOrder: 0
  m_LocalEulerAnglesHint: {x: -0.06790212, y: -7.149767, z: -0.2249794}
--- !u!1 &1768308191604543
GameObject:
  serializedVersion: 5
  m_Component:
  - component: {fileID: 4166752539330920}
  m_Layer: 0
  m_Name: Puppet_R_Forearm
  m_TagString: Untagged
  m_Icon: {fileID: 0}
  m_NavMeshLayer: 0
  m_StaticEditorFlags: 0
  m_IsActive: 1
--- !u!4 &4166752539330920
Transform:
  m_GameObject: {fileID: 1768308191604543}
  m_LocalRotation: {x: -0.0004251264, y: 0.1324033, z: -0.001920726, w: 0.991194}
  m_LocalPosition: {x: -0.6741018, y: 0, z: -2.458692E-08}
  m_LocalScale: {x: 1, y: 1, z: 1}
  m_Children:
  - {fileID: 4247023405109151}
  m_Father: {fileID: 4259186832294140}
  m_RootOrder: 0
  m_LocalEulerAnglesHint: {x: -0.0802421, y: -15.21686, z: 0.2327727}
--- !u!1 &1046761061491483
GameObject:
  serializedVersion: 5
  m_Component:
  - component: {fileID: 4247023405109151}
  m_Layer: 0
  m_Name: Puppet_R_Forearm1
  m_TagString: Untagged
  m_Icon: {fileID: 0}
  m_NavMeshLayer: 0
  m_StaticEditorFlags: 0
  m_IsActive: 1
--- !u!4 &4247023405109151
Transform:
  m_GameObject: {fileID: 1046761061491483}
  m_LocalRotation: {x: 0.001639704, y: 0.1084176, z: 0.002890689, w: 0.9940999}
  m_LocalPosition: {x: -0.5716226, y: 0, z: 0}
  m_LocalScale: {x: 1, y: 1, z: 1}
  m_Children:
  - {fileID: 4512363327878640}
  m_Father: {fileID: 4166752539330920}
  m_RootOrder: 0
  m_LocalEulerAnglesHint: {x: 0.2280623, y: -12.44758, z: -0.3580849}
--- !u!1 &1594089480251303
GameObject:
  serializedVersion: 5
  m_Component:
  - component: {fileID: 4512363327878640}
  m_Layer: 0
  m_Name: Puppet_R_Hand
  m_TagString: Untagged
  m_Icon: {fileID: 0}
  m_NavMeshLayer: 0
  m_StaticEditorFlags: 0
  m_IsActive: 1
--- !u!4 &4512363327878640
Transform:
  m_GameObject: {fileID: 1594089480251303}
  m_LocalRotation: {x: 0.7390197, y: 0.02896492, z: -0.08750904, w: 0.6673478}
  m_LocalPosition: {x: -0.6183721, y: -3.933906E-07, z: 0}
  m_LocalScale: {x: 1, y: 1, z: 1}
  m_Children:
  - {fileID: 4476273096235170}
  m_Father: {fileID: 4247023405109151}
  m_RootOrder: 0
  m_LocalEulerAnglesHint: {x: 95.4705, y: -9.671622, z: 4.304289}
--- !u!1 &1319718514829696
GameObject:
  serializedVersion: 5
  m_Component:
  - component: {fileID: 4476273096235170}
  m_Layer: 0
  m_Name: Puppet_Star
  m_TagString: Untagged
  m_Icon: {fileID: 0}
  m_NavMeshLayer: 0
  m_StaticEditorFlags: 0
  m_IsActive: 1
--- !u!4 &4476273096235170
Transform:
  m_GameObject: {fileID: 1319718514829696}
  m_LocalRotation: {x: -0.07370426, y: -0.0180266, z: -0.6860512, w: 0.7235858}
  m_LocalPosition: {x: -0.3740134, y: -0.01411515, z: 0.150802}
  m_LocalScale: {x: 0.9999998, y: 1, z: 0.9999999}
  m_Children: []
  m_Father: {fileID: 4512363327878640}
  m_RootOrder: 0
  m_LocalEulerAnglesHint: {x: -4.738001, y: 7.308825, z: 86.6467}
--- !u!1 &1655065632814418
GameObject:
  serializedVersion: 5
  m_Component:
  - component: {fileID: 4090720585649813}
  m_Layer: 0
  m_Name: Puppet_Root
  m_TagString: Untagged
  m_Icon: {fileID: 0}
  m_NavMeshLayer: 0
  m_StaticEditorFlags: 0
  m_IsActive: 1
--- !u!4 &4090720585649813
Transform:
  m_GameObject: {fileID: 1655065632814418}
  m_LocalRotation: {x: -0.7071068, y: 0, z: 0, w: 0.7071068}
  m_LocalPosition: {x: 0, y: 0, z: 0}
  m_LocalScale: {x: 1, y: 1, z: 1}
  m_Children: []
  m_Father: {fileID: 4671297194346105}
  m_RootOrder: 3
  m_LocalEulerAnglesHint: {x: -90, y: 0, z: 0}
