%YAML 1.1
%TAG !u! tag:unity3d.com,2011:
--- !u!1001 &100100000
Prefab:
  serializedVersion: 2
  m_Modification:
    m_TransformParent: {fileID: 0}
    m_Modifications: []
    m_RemovedComponents: []
  m_ParentPrefab: {fileID: 0}
  m_RootGameObject: {fileID: 1716473090309948}
  m_IsPrefabParent: 1
--- !u!1 &1716473090309948
GameObject:
  serializedVersion: 5
  m_Component:
  - component: {fileID: 4358252745472908}
  - component: {fileID: 111648088710774819}
  - component: {fileID: 114659039819101466}
  - component: {fileID: 82408584566428682}
  - component: {fileID: 114254588239381667}
  - component: {fileID: 114221746388310203}
  m_Layer: 0
  m_Name: low_RedEyeling
  m_TagString: Untagged
  m_Icon: {fileID: 0}
  m_NavMeshLayer: 0
  m_StaticEditorFlags: 0
  m_IsActive: 1
--- !u!4 &4358252745472908
Transform:
  m_GameObject: {fileID: 1716473090309948}
  m_LocalRotation: {x: 0, y: 0, z: 0, w: 1}
  m_LocalPosition: {x: 0, y: 0, z: 0}
  m_LocalScale: {x: 1, y: 1, z: 1}
  m_Children:
  - {fileID: 4275729531094076}
  - {fileID: 4922111669272383}
  - {fileID: 4100762890528529}
  - {fileID: 4634577335897654}
  m_Father: {fileID: 0}
  m_RootOrder: 0
  m_LocalEulerAnglesHint: {x: 0, y: 0, z: 0}
--- !u!111 &111648088710774819
Animation:
  m_GameObject: {fileID: 1716473090309948}
  m_Enabled: 1
  serializedVersion: 3
  m_Animation: {fileID: 0}
  m_Animations:
  - {fileID: 7400000, guid: c93189d5a122a1e46b0b034cce9c8012, type: 2}
  - {fileID: 7400000, guid: d11c1bd469c0d0b4c8a6d22eb86b0063, type: 2}
  - {fileID: 7400000, guid: 316eb1bea4764dd468c42b22089931c9, type: 2}
  - {fileID: 7400000, guid: e84bef836c2ecd54da4577a9ef1eaf8f, type: 2}
  - {fileID: 7400000, guid: d57db057cb8641d42a36f78cfdbc042b, type: 2}
  - {fileID: 7400000, guid: 2e0c4e004a66bb84aaee5942cf107dc0, type: 2}
  - {fileID: 7400000, guid: 9a239176375c85f40a4f4f846f435f4c, type: 2}
  - {fileID: 7400000, guid: 11cc4faff5e3e1c4ebc0e5ebf0cff9ed, type: 2}
  m_WrapMode: 0
  m_PlayAutomatically: 1
  m_AnimatePhysics: 0
  m_CullingType: 1
--- !u!114 &114659039819101466
MonoBehaviour:
  m_GameObject: {fileID: 1716473090309948}
  m_Enabled: 1
  m_EditorHideFlags: 0
  m_Script: {fileID: 11500000, guid: 203ebd45b8aad6940846389310fb33f6, type: 3}
  m_Name:
  m_EditorClassIdentifier:
  SpawnEffect: {fileID: 0}
  SpawnAudio: {fileID: 8300000, guid: 9b40a995daeddf0449e4cc9b0a7f130e, type: 3}
  SpawnAudioDelaySecs: 0
  Intro: EyeFootDevil_Intro
  Idle: EyeFootDevil_Idle
  IntroLength: 1.8
  hpBar: {fileID: 0}
--- !u!82 &82408584566428682
AudioSource:
  m_GameObject: {fileID: 1716473090309948}
  m_Enabled: 1
  serializedVersion: 4
  OutputAudioMixerGroup: {fileID: 0}
  m_audioClip: {fileID: 0}
  m_PlayOnAwake: 0
  m_Volume: 1
  m_Pitch: 1
  Loop: 0
  Mute: 0
  Spatialize: 0
  SpatializePostEffects: 0
  Priority: 128
  DopplerLevel: 1
  MinDistance: 1
  MaxDistance: 500
  Pan2D: 0
  rolloffMode: 2
  BypassEffects: 0
  BypassListenerEffects: 0
  BypassReverbZones: 0
  rolloffCustomCurve:
    serializedVersion: 2
    m_Curve:
    - serializedVersion: 2
      time: 0
      value: 1
      inSlope: 0
      outSlope: 0
      tangentMode: 0
    - serializedVersion: 2
      time: 0.9918033
      value: 0.9999999
      inSlope: 0
      outSlope: 0
      tangentMode: 0
    m_PreInfinity: 2
    m_PostInfinity: 2
    m_RotationOrder: 0
  panLevelCustomCurve:
    serializedVersion: 2
    m_Curve:
    - serializedVersion: 2
      time: 0
      value: 0
      inSlope: 0
      outSlope: 0
      tangentMode: 0
    m_PreInfinity: 2
    m_PostInfinity: 2
    m_RotationOrder: 0
  spreadCustomCurve:
    serializedVersion: 2
    m_Curve:
    - serializedVersion: 2
      time: 0
      value: 0
      inSlope: 0
      outSlope: 0
      tangentMode: 0
    m_PreInfinity: 2
    m_PostInfinity: 2
    m_RotationOrder: 0
  reverbZoneMixCustomCurve:
    serializedVersion: 2
    m_Curve:
    - serializedVersion: 2
      time: 0
      value: 1
      inSlope: 0
      outSlope: 0
      tangentMode: 0
    m_PreInfinity: 2
    m_PostInfinity: 2
    m_RotationOrder: 0
--- !u!114 &114254588239381667
MonoBehaviour:
  m_GameObject: {fileID: 1716473090309948}
  m_Enabled: 1
  m_EditorHideFlags: 0
  m_Script: {fileID: 11500000, guid: 816f303b97b032a4d9e1a96b34158d44, type: 3}
  m_Name:
  m_EditorClassIdentifier:
  Tombstone: {fileID: 0}
  Timer: 0
  Idle:
  RemoveTombstone: 0
  DamageDealt: 0
  Flooped: 0
  Crash: 0
--- !u!114 &114221746388310203
MonoBehaviour:
  m_GameObject: {fileID: 1716473090309948}
  m_Enabled: 1
  m_EditorHideFlags: 0
  m_Script: {fileID: 11500000, guid: 9390b1f887e33a34caef2ef05f3f87a5, type: 3}
  m_Name:
  m_EditorClassIdentifier:
  animTarget: {fileID: 0}
  animName:
--- !u!1 &1670106409634497
GameObject:
  serializedVersion: 5
  m_Component:
  - component: {fileID: 4275729531094076}
  - component: {fileID: 137738023763826239}
  m_Layer: 0
  m_Name: EyeFootDevil
  m_TagString: Untagged
  m_Icon: {fileID: 0}
  m_NavMeshLayer: 0
  m_StaticEditorFlags: 0
  m_IsActive: 1
--- !u!4 &4275729531094076
Transform:
  m_GameObject: {fileID: 1670106409634497}
  m_LocalRotation: {x: -0.7071068, y: 0, z: 0, w: 0.7071068}
  m_LocalPosition: {x: 0, y: 0, z: 0}
  m_LocalScale: {x: 1, y: 1, z: 1}
  m_Children: []
  m_Father: {fileID: 4358252745472908}
  m_RootOrder: 0
  m_LocalEulerAnglesHint: {x: -90, y: 0, z: 0}
--- !u!137 &137738023763826239
SkinnedMeshRenderer:
  m_GameObject: {fileID: 1670106409634497}
  m_Enabled: 1
  m_CastShadows: 1
  m_ReceiveShadows: 1
  m_DynamicOccludee: 1
  m_MotionVectors: 1
  m_LightProbeUsage: 0
  m_ReflectionProbeUsage: 1
  m_Materials:
  - {fileID: 2100000, guid: b826cd439638c394ab99ce515180f958, type: 2}
  m_StaticBatchInfo:
    firstSubMesh: 0
    subMeshCount: 0
  m_StaticBatchRoot: {fileID: 0}
  m_ProbeAnchor: {fileID: 0}
  m_LightProbeVolumeOverride: {fileID: 0}
  m_ScaleInLightmap: 1
  m_PreserveUVs: 0
  m_IgnoreNormalsForChartDetection: 0
  m_ImportantGI: 0
  m_StitchLightmapSeams: 0
  m_SelectedEditorRenderState: 3
  m_MinimumChartSize: 4
  m_AutoUVMaxDistance: 0.5
  m_AutoUVMaxAngle: 89
  m_LightmapParameters: {fileID: 0}
  m_SortingLayerID: 0
  m_SortingLayer: 0
  m_SortingOrder: 0
  serializedVersion: 2
  m_Quality: 0
  m_UpdateWhenOffscreen: 0
  m_skinnedMotionVectors: 0
  m_Mesh: {fileID: 4300000, guid: 0b771c8de84d88f43b0ff9c401543364, type: 2}
  m_Bones:
  - {fileID: 4392044014579788}
  - {fileID: 4477158520362399}
  - {fileID: 4100762890528529}
  m_BlendShapeWeights: []
  m_RootBone: {fileID: 4100762890528529}
  m_AABB:
    m_Center: {x: -1.668277, y: 0.1488193, z: -0.00600481}
    m_Extent: {x: 1.64348, y: 1.204252, z: 1.485635}
  m_DirtyAABB: 0
--- !u!1 &1295165966341134
GameObject:
  serializedVersion: 5
  m_Component:
  - component: {fileID: 4922111669272383}
  - component: {fileID: 137269377015751295}
  m_Layer: 0
  m_Name: EyeFootDevil_Outline
  m_TagString: Untagged
  m_Icon: {fileID: 0}
  m_NavMeshLayer: 0
  m_StaticEditorFlags: 0
  m_IsActive: 1
--- !u!4 &4922111669272383
Transform:
  m_GameObject: {fileID: 1295165966341134}
  m_LocalRotation: {x: -0.7071068, y: 0, z: 0, w: 0.7071068}
  m_LocalPosition: {x: 0, y: 0, z: 0}
  m_LocalScale: {x: 1, y: 1, z: 1}
  m_Children: []
  m_Father: {fileID: 4358252745472908}
  m_RootOrder: 1
  m_LocalEulerAnglesHint: {x: -90, y: 0, z: 0}
--- !u!137 &137269377015751295
SkinnedMeshRenderer:
  m_GameObject: {fileID: 1295165966341134}
  m_Enabled: 1
  m_CastShadows: 1
  m_ReceiveShadows: 1
  m_DynamicOccludee: 1
  m_MotionVectors: 1
  m_LightProbeUsage: 0
  m_ReflectionProbeUsage: 1
  m_Materials:
  - {fileID: 2100000, guid: b826cd439638c394ab99ce515180f958, type: 2}
  m_StaticBatchInfo:
    firstSubMesh: 0
    subMeshCount: 0
  m_StaticBatchRoot: {fileID: 0}
  m_ProbeAnchor: {fileID: 0}
  m_LightProbeVolumeOverride: {fileID: 0}
  m_ScaleInLightmap: 1
  m_PreserveUVs: 0
  m_IgnoreNormalsForChartDetection: 0
  m_ImportantGI: 0
  m_StitchLightmapSeams: 0
  m_SelectedEditorRenderState: 3
  m_MinimumChartSize: 4
  m_AutoUVMaxDistance: 0.5
  m_AutoUVMaxAngle: 89
  m_LightmapParameters: {fileID: 0}
  m_SortingLayerID: 0
  m_SortingLayer: 0
  m_SortingOrder: 0
  serializedVersion: 2
  m_Quality: 0
  m_UpdateWhenOffscreen: 0
  m_skinnedMotionVectors: 0
  m_Mesh: {fileID: 4300000, guid: 293410995b0e04a439623e2f61644a0d, type: 2}
  m_Bones:
  - {fileID: 4477158520362399}
  - {fileID: 4100762890528529}
  - {fileID: 4392044014579788}
  m_BlendShapeWeights: []
  m_RootBone: {fileID: 4100762890528529}
  m_AABB:
    m_Center: {x: -1.667543, y: 0.1545198, z: -0.006004572}
    m_Extent: {x: 1.663318, y: 1.230798, z: 1.492398}
  m_DirtyAABB: 0
--- !u!1 &1095096091433129
GameObject:
  serializedVersion: 5
  m_Component:
  - component: {fileID: 4100762890528529}
  m_Layer: 0
  m_Name: Puppet_Base
  m_TagString: Untagged
  m_Icon: {fileID: 0}
  m_NavMeshLayer: 0
  m_StaticEditorFlags: 0
  m_IsActive: 1
--- !u!4 &4100762890528529
Transform:
  m_GameObject: {fileID: 1095096091433129}
  m_LocalRotation: {x: 0.5000001, y: -0.5000001, z: -0.4999999, w: 0.4999999}
  m_LocalPosition: {x: 0, y: -0.0133996, z: 6.993821E-08}
  m_LocalScale: {x: 1, y: 1, z: 1}
  m_Children:
  - {fileID: 4477158520362399}
  m_Father: {fileID: 4358252745472908}
  m_RootOrder: 2
  m_LocalEulerAnglesHint: {x: 90.00002, y: 0, z: 90}
--- !u!1 &1615379731976678
GameObject:
  serializedVersion: 5
  m_Component:
  - component: {fileID: 4477158520362399}
  m_Layer: 0
  m_Name: Puppet_Mid
  m_TagString: Untagged
  m_Icon: {fileID: 0}
  m_NavMeshLayer: 0
  m_StaticEditorFlags: 0
  m_IsActive: 1
--- !u!4 &4477158520362399
Transform:
  m_GameObject: {fileID: 1615379731976678}
  m_LocalRotation: {x: -8.742277E-08, y: -3.035389E-22, z: 7.105429E-15, w: 1}
  m_LocalPosition: {x: -1.100676, y: 7.105427E-15, z: -3.252541E-14}
  m_LocalScale: {x: 0.9999998, y: 0.9999998, z: 1}
  m_Children:
  - {fileID: 4392044014579788}
  m_Father: {fileID: 4100762890528529}
  m_RootOrder: 0
  m_LocalEulerAnglesHint: {x: -1.001791E-05, y: -3.639857E-20, z: -8.142222E-13}
--- !u!1 &1119327936172607
GameObject:
  serializedVersion: 5
  m_Component:
  - component: {fileID: 4392044014579788}
  m_Layer: 0
  m_Name: Puppet_Eye
  m_TagString: Untagged
  m_Icon: {fileID: 0}
  m_NavMeshLayer: 0
  m_StaticEditorFlags: 0
  m_IsActive: 1
--- !u!4 &4392044014579788
Transform:
  m_GameObject: {fileID: 1119327936172607}
  m_LocalRotation: {x: 0.7070612, y: -0.7070612, z: -0.008026303, w: -0.00802664}
  m_LocalPosition: {x: -0.9424624, y: 0.3777268, z: -0.005765018}
  m_LocalScale: {x: 1, y: 0.9999998, z: 0.9999998}
  m_Children: []
  m_Father: {fileID: 4477158520362399}
  m_RootOrder: 0
  m_LocalEulerAnglesHint: {x: -180, y: -1.300773, z: 90}
--- !u!1 &1517891674279633
GameObject:
  serializedVersion: 5
  m_Component:
  - component: {fileID: 4634577335897654}
  m_Layer: 0
  m_Name: Puppet_Root
  m_TagString: Untagged
  m_Icon: {fileID: 0}
  m_NavMeshLayer: 0
  m_StaticEditorFlags: 0
  m_IsActive: 1
--- !u!4 &4634577335897654
Transform:
  m_GameObject: {fileID: 1517891674279633}
  m_LocalRotation: {x: -0.7071068, y: 0, z: 0, w: 0.7071068}
  m_LocalPosition: {x: 0, y: 0, z: 0}
  m_LocalScale: {x: 1, y: 1, z: 1}
  m_Children: []
  m_Father: {fileID: 4358252745472908}
  m_RootOrder: 3
  m_LocalEulerAnglesHint: {x: -90, y: 0, z: 0}
