%YAML 1.1
%TAG !u! tag:unity3d.com,2011:
--- !u!1001 &100100000
Prefab:
  serializedVersion: 2
  m_Modification:
    m_TransformParent: {fileID: 0}
    m_Modifications: []
    m_RemovedComponents: []
  m_ParentPrefab: {fileID: 0}
  m_RootGameObject: {fileID: 1057333946823914}
  m_IsPrefabParent: 1
--- !u!1 &1057333946823914
GameObject:
  serializedVersion: 5
  m_Component:
  - component: {fileID: 4065579722242453}
  - component: {fileID: 111268801149150769}
  - component: {fileID: 114314347764819656}
  - component: {fileID: 82690889954331837}
  - component: {fileID: 114351583289649111}
  - component: {fileID: 114329799975538793}
  m_Layer: 0
  m_Name: low_Sandwitch
  m_TagString: Untagged
  m_Icon: {fileID: 0}
  m_NavMeshLayer: 0
  m_StaticEditorFlags: 0
  m_IsActive: 1
--- !u!4 &4065579722242453
Transform:
  m_GameObject: {fileID: 1057333946823914}
  m_LocalRotation: {x: 0, y: 0, z: 0, w: 1}
  m_LocalPosition: {x: 0, y: 0, z: 0}
  m_LocalScale: {x: 1, y: 1, z: 1}
  m_Children:
  - {fileID: 4355363949799976}
  - {fileID: 4504825588331668}
  - {fileID: 4886105427514017}
  - {fileID: 4314608319311757}
  m_Father: {fileID: 0}
  m_RootOrder: 0
  m_LocalEulerAnglesHint: {x: 0, y: 0, z: 0}
--- !u!111 &111268801149150769
Animation:
  m_GameObject: {fileID: 1057333946823914}
  m_Enabled: 1
  serializedVersion: 3
  m_Animation: {fileID: 0}
  m_Animations:
  - {fileID: 7400000, guid: 510d6a6f76421c3478d19b51307c1ee9, type: 2}
  - {fileID: 7400000, guid: 71d45ec1ec71a6940905d73701ae1ff8, type: 2}
  - {fileID: 7400000, guid: 316eb1bea4764dd468c42b22089931c9, type: 2}
  - {fileID: 7400000, guid: e84bef836c2ecd54da4577a9ef1eaf8f, type: 2}
  - {fileID: 7400000, guid: 2e0c4e004a66bb84aaee5942cf107dc0, type: 2}
  - {fileID: 7400000, guid: 9a239176375c85f40a4f4f846f435f4c, type: 2}
  - {fileID: 7400000, guid: d57db057cb8641d42a36f78cfdbc042b, type: 2}
  - {fileID: 7400000, guid: 11cc4faff5e3e1c4ebc0e5ebf0cff9ed, type: 2}
  m_WrapMode: 0
  m_PlayAutomatically: 0
  m_AnimatePhysics: 0
  m_CullingType: 1
--- !u!114 &114314347764819656
MonoBehaviour:
  m_GameObject: {fileID: 1057333946823914}
  m_Enabled: 1
  m_EditorHideFlags: 0
  m_Script: {fileID: 11500000, guid: 203ebd45b8aad6940846389310fb33f6, type: 3}
  m_Name:
  m_EditorClassIdentifier:
  SpawnEffect: {fileID: 0}
  SpawnAudio: {fileID: 8300000, guid: b291789bc8c47f84e9173578a7389079, type: 3}
  SpawnAudioDelaySecs: 0
  Intro: Sandwitch_Intro
  Idle: Sandwitch_Idle
  IntroLength: 1.733333
  hpBar: {fileID: 0}
--- !u!82 &82690889954331837
AudioSource:
  m_GameObject: {fileID: 1057333946823914}
  m_Enabled: 1
  serializedVersion: 4
  OutputAudioMixerGroup: {fileID: 0}
  m_audioClip: {fileID: 0}
  m_PlayOnAwake: 0
  m_Volume: 1
  m_Pitch: 1
  Loop: 0
  Mute: 0
  Spatialize: 0
  SpatializePostEffects: 0
  Priority: 128
  DopplerLevel: 1
  MinDistance: 1
  MaxDistance: 500
  Pan2D: 0
  rolloffMode: 2
  BypassEffects: 0
  BypassListenerEffects: 0
  BypassReverbZones: 0
  rolloffCustomCurve:
    serializedVersion: 2
    m_Curve:
    - serializedVersion: 2
      time: 0
      value: 1
      inSlope: 0
      outSlope: 0
      tangentMode: 0
    - serializedVersion: 2
      time: 1
      value: 1
      inSlope: 0
      outSlope: 0
      tangentMode: 0
    m_PreInfinity: 2
    m_PostInfinity: 2
    m_RotationOrder: 0
  panLevelCustomCurve:
    serializedVersion: 2
    m_Curve:
    - serializedVersion: 2
      time: 0
      value: 0
      inSlope: 0
      outSlope: 0
      tangentMode: 0
    m_PreInfinity: 2
    m_PostInfinity: 2
    m_RotationOrder: 0
  spreadCustomCurve:
    serializedVersion: 2
    m_Curve:
    - serializedVersion: 2
      time: 0
      value: 0
      inSlope: 0
      outSlope: 0
      tangentMode: 0
    m_PreInfinity: 2
    m_PostInfinity: 2
    m_RotationOrder: 0
  reverbZoneMixCustomCurve:
    serializedVersion: 2
    m_Curve:
    - serializedVersion: 2
      time: 0
      value: 1
      inSlope: 0
      outSlope: 0
      tangentMode: 0
    m_PreInfinity: 2
    m_PostInfinity: 2
    m_RotationOrder: 0
--- !u!114 &114351583289649111
MonoBehaviour:
  m_GameObject: {fileID: 1057333946823914}
  m_Enabled: 1
  m_EditorHideFlags: 0
  m_Script: {fileID: 11500000, guid: 816f303b97b032a4d9e1a96b34158d44, type: 3}
  m_Name:
  m_EditorClassIdentifier:
  Tombstone: {fileID: 0}
  Timer: 0
  Idle:
  RemoveTombstone: 0
  DamageDealt: 0
  Flooped: 0
  Crash: 0
--- !u!114 &114329799975538793
MonoBehaviour:
  m_GameObject: {fileID: 1057333946823914}
  m_Enabled: 1
  m_EditorHideFlags: 0
  m_Script: {fileID: 11500000, guid: 9390b1f887e33a34caef2ef05f3f87a5, type: 3}
  m_Name:
  m_EditorClassIdentifier:
  animTarget: {fileID: 0}
  animName:
--- !u!1 &1696248296778091
GameObject:
  serializedVersion: 5
  m_Component:
  - component: {fileID: 4355363949799976}
  m_Layer: 0
  m_Name: Puppet_Pelvis
  m_TagString: Untagged
  m_Icon: {fileID: 0}
  m_NavMeshLayer: 0
  m_StaticEditorFlags: 0
  m_IsActive: 1
--- !u!4 &4355363949799976
Transform:
  m_GameObject: {fileID: 1696248296778091}
  m_LocalRotation: {x: 0.5267963, y: -0.471684, z: -0.5267961, w: 0.471684}
  m_LocalPosition: {x: 4.462679E-09, y: 2.922095, z: -0.07537597}
  m_LocalScale: {x: 1, y: 1, z: 1}
  m_Children:
  - {fileID: 4090151739393131}
  - {fileID: 4494874460101283}
  m_Father: {fileID: 4065579722242453}
  m_RootOrder: 0
  m_LocalEulerAnglesHint: {x: 90.00002, y: -6.318594, z: 89.99999}
--- !u!1 &1412638505252557
GameObject:
  serializedVersion: 5
  m_Component:
  - component: {fileID: 4090151739393131}
  m_Layer: 0
  m_Name: Puppet_Spine
  m_TagString: Untagged
  m_Icon: {fileID: 0}
  m_NavMeshLayer: 0
  m_StaticEditorFlags: 0
  m_IsActive: 1
--- !u!4 &4090151739393131
Transform:
  m_GameObject: {fileID: 1412638505252557}
  m_LocalRotation: {x: -2.498867E-08, y: -1.523951E-07, z: 0.05585649, w: 0.9984388}
  m_LocalPosition: {x: -0.452385, y: 0.007384703, z: -6.81598E-08}
  m_LocalScale: {x: 0.9999998, y: 0.9999996, z: 0.9999999}
  m_Children:
  - {fileID: 4619890280016838}
  m_Father: {fileID: 4355363949799976}
  m_RootOrder: 0
  m_LocalEulerAnglesHint: {x: -3.834452E-06, y: 1.727598E-05, z: -6.404015}
--- !u!1 &1488760118932649
GameObject:
  serializedVersion: 5
  m_Component:
  - component: {fileID: 4619890280016838}
  m_Layer: 0
  m_Name: Puppet_Spine1
  m_TagString: Untagged
  m_Icon: {fileID: 0}
  m_NavMeshLayer: 0
  m_StaticEditorFlags: 0
  m_IsActive: 1
--- !u!4 &4619890280016838
Transform:
  m_GameObject: {fileID: 1488760118932649}
  m_LocalRotation: {x: 1.687591E-08, y: 5.764992E-08, z: 0.005812901, w: 0.9999831}
  m_LocalPosition: {x: -0.6283065, y: 3.34112E-08, z: 1.623598E-07}
  m_LocalScale: {x: 1, y: 1, z: 1}
  m_Children:
  - {fileID: 4781171197776494}
  - {fileID: 4454664027121688}
  - {fileID: 4151241329653029}
  m_Father: {fileID: 4090151739393131}
  m_RootOrder: 0
  m_LocalEulerAnglesHint: {x: 1.972205E-06, y: -6.594841E-06, z: -0.6661131}
--- !u!1 &1844673611738873
GameObject:
  serializedVersion: 5
  m_Component:
  - component: {fileID: 4781171197776494}
  m_Layer: 0
  m_Name: Puppet_Head
  m_TagString: Untagged
  m_Icon: {fileID: 0}
  m_NavMeshLayer: 0
  m_StaticEditorFlags: 0
  m_IsActive: 1
--- !u!4 &4781171197776494
Transform:
  m_GameObject: {fileID: 1844673611738873}
  m_LocalRotation: {x: -1.813789E-08, y: 3.62446E-08, z: 0.003865491, w: 0.9999925}
  m_LocalPosition: {x: -0.5552743, y: 0.03789093, z: -4.431899E-08}
  m_LocalScale: {x: 1, y: 1, z: 1}
  m_Children:
  - {fileID: 4135045576956245}
  - {fileID: 4232275451566774}
  - {fileID: 4155035690820392}
  - {fileID: 4799072381951136}
  m_Father: {fileID: 4619890280016838}
  m_RootOrder: 0
  m_LocalEulerAnglesHint: {x: -2.062379E-06, y: -4.161329E-06, z: -0.4429537}
--- !u!1 &1465721075418483
GameObject:
  serializedVersion: 5
  m_Component:
  - component: {fileID: 4135045576956245}
  m_Layer: 0
  m_Name: Puppet_Hair_B
  m_TagString: Untagged
  m_Icon: {fileID: 0}
  m_NavMeshLayer: 0
  m_StaticEditorFlags: 0
  m_IsActive: 1
--- !u!4 &4135045576956245
Transform:
  m_GameObject: {fileID: 1465721075418483}
  m_LocalRotation: {x: 1.465308E-07, y: -1.299307E-07, z: 0.9990482, w: 0.04361957}
  m_LocalPosition: {x: 0.3262182, y: -0.3780065, z: 3.225301E-08}
  m_LocalScale: {x: 0.9999996, y: 0.9999999, z: 1}
  m_Children: []
  m_Father: {fileID: 4781171197776494}
  m_RootOrder: 0
  m_LocalEulerAnglesHint: {x: -1.414236E-05, y: 1.742466E-05, z: -175}
--- !u!1 &1309716690893586
GameObject:
  serializedVersion: 5
  m_Component:
  - component: {fileID: 4232275451566774}
  m_Layer: 0
  m_Name: Puppet_Hair_FL
  m_TagString: Untagged
  m_Icon: {fileID: 0}
  m_NavMeshLayer: 0
  m_StaticEditorFlags: 0
  m_IsActive: 1
--- !u!4 &4232275451566774
Transform:
  m_GameObject: {fileID: 1309716690893586}
  m_LocalRotation: {x: -0.02465259, y: 0.9989871, z: -0.03760899, w: -0.001661696}
  m_LocalPosition: {x: -0.0889498, y: 0.2413643, z: 0.4113069}
  m_LocalScale: {x: 0.9999996, y: 0.9999998, z: 0.9999999}
  m_Children: []
  m_Father: {fileID: 4781171197776494}
  m_RootOrder: 1
  m_LocalEulerAnglesHint: {x: -175.6953, y: 0.2964694, z: 177.1839}
--- !u!1 &1858686916180188
GameObject:
  serializedVersion: 5
  m_Component:
  - component: {fileID: 4155035690820392}
  m_Layer: 0
  m_Name: Puppet_Hair_FR
  m_TagString: Untagged
  m_Icon: {fileID: 0}
  m_NavMeshLayer: 0
  m_StaticEditorFlags: 0
  m_IsActive: 1
--- !u!4 &4155035690820392
Transform:
  m_GameObject: {fileID: 1858686916180188}
  m_LocalRotation: {x: -0.02465269, y: 0.9989871, z: 0.03760896, w: 0.001661809}
  m_LocalPosition: {x: -0.0889498, y: 0.2413643, z: -0.411307}
  m_LocalScale: {x: 0.9999999, y: 1, z: 0.9999999}
  m_Children: []
  m_Father: {fileID: 4781171197776494}
  m_RootOrder: 2
  m_LocalEulerAnglesHint: {x: 175.6953, y: -0.2964826, z: 177.1839}
--- !u!1 &1984522134386965
GameObject:
  serializedVersion: 5
  m_Component:
  - component: {fileID: 4799072381951136}
  m_Layer: 0
  m_Name: Puppet_Hat
  m_TagString: Untagged
  m_Icon: {fileID: 0}
  m_NavMeshLayer: 0
  m_StaticEditorFlags: 0
  m_IsActive: 1
--- !u!4 &4799072381951136
Transform:
  m_GameObject: {fileID: 1984522134386965}
  m_LocalRotation: {x: 9.125125E-08, y: -3.810528E-08, z: 0.04361942, w: 0.9990482}
  m_LocalPosition: {x: -0.8052028, y: -0.004439673, z: -2.373228E-08}
  m_LocalScale: {x: 0.9999996, y: 0.9999996, z: 0.9999999}
  m_Children: []
  m_Father: {fileID: 4781171197776494}
  m_RootOrder: 3
  m_LocalEulerAnglesHint: {x: 1.02562E-05, y: 4.8185E-06, z: -5.000004}
--- !u!1 &1275705342090287
GameObject:
  serializedVersion: 5
  m_Component:
  - component: {fileID: 4454664027121688}
  m_Layer: 0
  m_Name: Puppet_L_UpperArm
  m_TagString: Untagged
  m_Icon: {fileID: 0}
  m_NavMeshLayer: 0
  m_StaticEditorFlags: 0
  m_IsActive: 1
--- !u!4 &4454664027121688
Transform:
  m_GameObject: {fileID: 1275705342090287}
  m_LocalRotation: {x: -0.1416436, y: 0.6975913, z: -0.150646, w: 0.6860096}
  m_LocalPosition: {x: -0.2887641, y: 0.061178, z: 0.2789341}
  m_LocalScale: {x: 1, y: 1, z: 0.9999999}
  m_Children:
  - {fileID: 4573336914265643}
  m_Father: {fileID: 4619890280016838}
  m_RootOrder: 1
  m_LocalEulerAnglesHint: {x: -91.8963, y: -66.12528, z: 92.64188}
--- !u!1 &1934149647399086
GameObject:
  serializedVersion: 5
  m_Component:
  - component: {fileID: 4573336914265643}
  m_Layer: 0
  m_Name: Puppet_L_Forearm
  m_TagString: Untagged
  m_Icon: {fileID: 0}
  m_NavMeshLayer: 0
  m_StaticEditorFlags: 0
  m_IsActive: 1
--- !u!4 &4573336914265643
Transform:
  m_GameObject: {fileID: 1934149647399086}
  m_LocalRotation: {x: -0.03602736, y: 0.01449715, z: -0.4420902, w: 0.8961295}
  m_LocalPosition: {x: -1.14882, y: -1.043081E-07, z: 4.172325E-07}
  m_LocalScale: {x: 1, y: 1, z: 0.9999998}
  m_Children:
  - {fileID: 4544810936004102}
  m_Father: {fileID: 4454664027121688}
  m_RootOrder: 0
  m_LocalEulerAnglesHint: {x: -4.438546, y: 0.3364453, z: 52.50425}
--- !u!1 &1589791784592719
GameObject:
  serializedVersion: 5
  m_Component:
  - component: {fileID: 4544810936004102}
  m_Layer: 0
  m_Name: Puppet_L_Hand
  m_TagString: Untagged
  m_Icon: {fileID: 0}
  m_NavMeshLayer: 0
  m_StaticEditorFlags: 0
  m_IsActive: 1
--- !u!4 &4544810936004102
Transform:
  m_GameObject: {fileID: 1589791784592719}
  m_LocalRotation: {x: 0.0544408, y: -0.02505726, z: 0.006919221, w: 0.9981786}
  m_LocalPosition: {x: -0.8163064, y: 2.086163E-07, z: 0}
  m_LocalScale: {x: 0.9999992, y: 0.9999996, z: 1}
  m_Children:
  - {fileID: 4691769722492710}
  m_Father: {fileID: 4573336914265643}
  m_RootOrder: 0
  m_LocalEulerAnglesHint: {x: 6.227497, y: 2.910537, z: -0.635955}
--- !u!1 &1154290051885436
GameObject:
  serializedVersion: 5
  m_Component:
  - component: {fileID: 4691769722492710}
  m_Layer: 0
  m_Name: Puppet_Sandwitch
  m_TagString: Untagged
  m_Icon: {fileID: 0}
  m_NavMeshLayer: 0
  m_StaticEditorFlags: 0
  m_IsActive: 1
--- !u!4 &4691769722492710
Transform:
  m_GameObject: {fileID: 1154290051885436}
  m_LocalRotation: {x: 0.9915925, y: -0.1266497, z: -0.02344366, w: 0.01243317}
  m_LocalPosition: {x: 0.3768989, y: 0.4801972, z: -0.02773803}
  m_LocalScale: {x: 1, y: 1, z: 0.9999999}
  m_Children: []
  m_Father: {fileID: 4544810936004102}
  m_RootOrder: 0
  m_LocalEulerAnglesHint: {x: 178.2451, y: -2.484195, z: 14.59527}
--- !u!1 &1985936047619504
GameObject:
  serializedVersion: 5
  m_Component:
  - component: {fileID: 4151241329653029}
  m_Layer: 0
  m_Name: Puppet_R_UpperArm
  m_TagString: Untagged
  m_Icon: {fileID: 0}
  m_NavMeshLayer: 0
  m_StaticEditorFlags: 0
  m_IsActive: 1
--- !u!4 &4151241329653029
Transform:
  m_GameObject: {fileID: 1985936047619504}
  m_LocalRotation: {x: 0.138254, y: -0.7009854, z: -0.1540059, w: 0.6824862}
  m_LocalPosition: {x: -0.2887641, y: 0.06117806, z: -0.2789342}
  m_LocalScale: {x: 0.9999999, y: 0.9999997, z: 0.9999999}
  m_Children:
  - {fileID: 4222821507759879}
  m_Father: {fileID: 4619890280016838}
  m_RootOrder: 2
  m_LocalEulerAnglesHint: {x: 92.9695, y: 66.0983, z: 94.27415}
--- !u!1 &1870709422560490
GameObject:
  serializedVersion: 5
  m_Component:
  - component: {fileID: 4222821507759879}
  m_Layer: 0
  m_Name: Puppet_R_Forearm
  m_TagString: Untagged
  m_Icon: {fileID: 0}
  m_NavMeshLayer: 0
  m_StaticEditorFlags: 0
  m_IsActive: 1
--- !u!4 &4222821507759879
Transform:
  m_GameObject: {fileID: 1870709422560490}
  m_LocalRotation: {x: 0.03675281, y: -0.0077067, z: -0.4423497, w: 0.8960562}
  m_LocalPosition: {x: -1.148744, y: -2.638996E-05, z: 0.01326299}
  m_LocalScale: {x: 1.000001, y: 1, z: 0.9999999}
  m_Children:
  - {fileID: 4816174662220893}
  m_Father: {fileID: 4151241329653029}
  m_RootOrder: 0
  m_LocalEulerAnglesHint: {x: 4.16885, y: -1.071718, z: 52.50868}
--- !u!1 &1406319518281983
GameObject:
  serializedVersion: 5
  m_Component:
  - component: {fileID: 4816174662220893}
  m_Layer: 0
  m_Name: Puppet_R_Hand
  m_TagString: Untagged
  m_Icon: {fileID: 0}
  m_NavMeshLayer: 0
  m_StaticEditorFlags: 0
  m_IsActive: 1
--- !u!4 &4816174662220893
Transform:
  m_GameObject: {fileID: 1406319518281983}
  m_LocalRotation: {x: -0.05444073, y: 0.0250573, z: 0.006919602, w: 0.9981786}
  m_LocalPosition: {x: -0.8163066, y: -3.129244E-07, z: 4.172325E-07}
  m_LocalScale: {x: 0.999999, y: 0.9999998, z: 1}
  m_Children: []
  m_Father: {fileID: 4222821507759879}
  m_RootOrder: 0
  m_LocalEulerAnglesHint: {x: -6.227489, y: -2.910545, z: -0.6359985}
--- !u!1 &1458103420962328
GameObject:
  serializedVersion: 5
  m_Component:
  - component: {fileID: 4494874460101283}
  m_Layer: 0
  m_Name: Puppet_Tail1
  m_TagString: Untagged
  m_Icon: {fileID: 0}
  m_NavMeshLayer: 0
  m_StaticEditorFlags: 0
  m_IsActive: 1
--- !u!4 &4494874460101283
Transform:
  m_GameObject: {fileID: 1458103420962328}
  m_LocalRotation: {x: -0.06659766, y: 0.9977799, z: -8.309416E-08, w: 1.477542E-07}
  m_LocalPosition: {x: 0.2043092, y: 0.07645445, z: 2.82239E-08}
  m_LocalScale: {x: 0.9999999, y: 0.9999998, z: 1}
  m_Children:
  - {fileID: 4615492289464467}
  m_Father: {fileID: 4355363949799976}
  m_RootOrder: 1
  m_LocalEulerAnglesHint: {x: -180, y: -1.625966E-05, z: 172.3628}
--- !u!1 &1527923368624337
GameObject:
  serializedVersion: 5
  m_Component:
  - component: {fileID: 4615492289464467}
  m_Layer: 0
  m_Name: Puppet_Tail2
  m_TagString: Untagged
  m_Icon: {fileID: 0}
  m_NavMeshLayer: 0
  m_StaticEditorFlags: 0
  m_IsActive: 1
--- !u!4 &4615492289464467
Transform:
  m_GameObject: {fileID: 1527923368624337}
  m_LocalRotation: {x: 1.474778E-08, y: 7.254783E-08, z: 0.03303838, w: 0.9994541}
  m_LocalPosition: {x: -0.6741045, y: 9.778887E-09, z: 8.001115E-08}
  m_LocalScale: {x: 1, y: 1, z: 1}
  m_Children:
  - {fileID: 4138588950573833}
  m_Father: {fileID: 4494874460101283}
  m_RootOrder: 0
  m_LocalEulerAnglesHint: {x: 1.963709E-06, y: -8.252997E-06, z: -3.786609}
--- !u!1 &1804276739567933
GameObject:
  serializedVersion: 5
  m_Component:
  - component: {fileID: 4138588950573833}
  m_Layer: 0
  m_Name: Puppet_Tail3
  m_TagString: Untagged
  m_Icon: {fileID: 0}
  m_NavMeshLayer: 0
  m_StaticEditorFlags: 0
  m_IsActive: 1
--- !u!4 &4138588950573833
Transform:
  m_GameObject: {fileID: 1804276739567933}
  m_LocalRotation: {x: 1.797561E-10, y: -8.729394E-09, z: -1.490116E-08, w: 1}
  m_LocalPosition: {x: -0.9163263, y: -6.519258E-09, z: -3.327492E-08}
  m_LocalScale: {x: 1, y: 1, z: 1}
  m_Children:
  - {fileID: 4973088058546684}
  m_Father: {fileID: 4615492289464467}
  m_RootOrder: 0
  m_LocalEulerAnglesHint: {x: 2.059855E-08, y: 1.000315E-06, z: 1.707547E-06}
--- !u!1 &1591942347012505
GameObject:
  serializedVersion: 5
  m_Component:
  - component: {fileID: 4973088058546684}
  m_Layer: 0
  m_Name: Puppet_Tail4
  m_TagString: Untagged
  m_Icon: {fileID: 0}
  m_NavMeshLayer: 0
  m_StaticEditorFlags: 0
  m_IsActive: 1
--- !u!4 &4973088058546684
Transform:
  m_GameObject: {fileID: 1591942347012505}
  m_LocalRotation: {x: 7.998365E-09, y: 4.653216E-10, z: 3.725291E-09, w: 1}
  m_LocalPosition: {x: -1.016694, y: -5.215406E-08, z: -1.916937E-08}
  m_LocalScale: {x: 0.9999999, y: 0.9999999, z: 1}
  m_Children: []
  m_Father: {fileID: 4138588950573833}
  m_RootOrder: 0
  m_LocalEulerAnglesHint: {x: 9.16545E-07, y: -5.332193E-08, z: -4.268869E-07}
--- !u!1 &1214560214995042
GameObject:
  serializedVersion: 5
  m_Component:
  - component: {fileID: 4504825588331668}
  m_Layer: 0
  m_Name: Puppet_Root
  m_TagString: Untagged
  m_Icon: {fileID: 0}
  m_NavMeshLayer: 0
  m_StaticEditorFlags: 0
  m_IsActive: 1
--- !u!4 &4504825588331668
Transform:
  m_GameObject: {fileID: 1214560214995042}
  m_LocalRotation: {x: -0.7071068, y: 0, z: 0, w: 0.7071068}
  m_LocalPosition: {x: 0, y: 0, z: 0}
  m_LocalScale: {x: 1, y: 1, z: 1}
  m_Children: []
  m_Father: {fileID: 4065579722242453}
  m_RootOrder: 1
  m_LocalEulerAnglesHint: {x: -90, y: 0, z: 0}
--- !u!1 &1488157345520657
GameObject:
  serializedVersion: 5
  m_Component:
  - component: {fileID: 4886105427514017}
  - component: {fileID: 137813898260748072}
  m_Layer: 0
  m_Name: SandwichWitch
  m_TagString: Untagged
  m_Icon: {fileID: 0}
  m_NavMeshLayer: 0
  m_StaticEditorFlags: 0
  m_IsActive: 1
--- !u!4 &4886105427514017
Transform:
  m_GameObject: {fileID: 1488157345520657}
  m_LocalRotation: {x: -0.7071068, y: -5.58558E-09, z: -5.58558E-09, w: 0.7071068}
  m_LocalPosition: {x: -0.004498132, y: 2.556818, z: -0.146632}
  m_LocalScale: {x: 0.02313278, y: 0.02292223, z: 0.02261941}
  m_Children: []
  m_Father: {fileID: 4065579722242453}
  m_RootOrder: 2
  m_LocalEulerAnglesHint: {x: -90, y: 9.05182E-07, z: 0}
--- !u!137 &137813898260748072
SkinnedMeshRenderer:
  m_GameObject: {fileID: 1488157345520657}
  m_Enabled: 1
  m_CastShadows: 1
  m_ReceiveShadows: 1
  m_DynamicOccludee: 1
  m_MotionVectors: 1
  m_LightProbeUsage: 0
  m_ReflectionProbeUsage: 1
  m_Materials:
  - {fileID: 2100000, guid: d13de415087a510468af1e4de0fcaeaa, type: 2}
  m_StaticBatchInfo:
    firstSubMesh: 0
    subMeshCount: 0
  m_StaticBatchRoot: {fileID: 0}
  m_ProbeAnchor: {fileID: 0}
  m_LightProbeVolumeOverride: {fileID: 0}
  m_ScaleInLightmap: 1
  m_PreserveUVs: 0
  m_IgnoreNormalsForChartDetection: 0
  m_ImportantGI: 0
  m_StitchLightmapSeams: 0
  m_SelectedEditorRenderState: 3
  m_MinimumChartSize: 4
  m_AutoUVMaxDistance: 0.5
  m_AutoUVMaxAngle: 89
  m_LightmapParameters: {fileID: 0}
  m_SortingLayerID: 0
  m_SortingLayer: 0
  m_SortingOrder: 0
  serializedVersion: 2
  m_Quality: 0
  m_UpdateWhenOffscreen: 0
  m_skinnedMotionVectors: 0
  m_Mesh: {fileID: 4300000, guid: 1363b350bf3e2074ca2fedf87bb3e55d, type: 2}
  m_Bones:
  - {fileID: 4615492289464467}
  - {fileID: 4138588950573833}
  - {fileID: 4973088058546684}
  - {fileID: 4494874460101283}
  - {fileID: 4355363949799976}
  - {fileID: 4090151739393131}
  - {fileID: 4619890280016838}
  - {fileID: 4454664027121688}
  - {fileID: 4135045576956245}
  - {fileID: 4781171197776494}
  - {fileID: 4151241329653029}
  - {fileID: 4799072381951136}
  - {fileID: 4155035690820392}
  - {fileID: 4232275451566774}
  - {fileID: 4691769722492710}
  - {fileID: 4573336914265643}
  - {fileID: 4544810936004102}
  - {fileID: 4222821507759879}
  - {fileID: 4816174662220893}
  m_BlendShapeWeights: []
  m_RootBone: {fileID: 4355363949799976}
  m_AABB:
    m_Center: {x: -0.07416558, y: -0.05325079, z: 0.004496336}
    m_Extent: {x: 3.701147, y: 1.551692, z: 1.669676}
  m_DirtyAABB: 0
--- !u!1 &1409080097200327
GameObject:
  serializedVersion: 5
  m_Component:
  - component: {fileID: 4314608319311757}
  - component: {fileID: 137135676867846185}
  m_Layer: 0
  m_Name: SandwichWitch_Outline
  m_TagString: Untagged
  m_Icon: {fileID: 0}
  m_NavMeshLayer: 0
  m_StaticEditorFlags: 0
  m_IsActive: 1
--- !u!4 &4314608319311757
Transform:
  m_GameObject: {fileID: 1409080097200327}
  m_LocalRotation: {x: -0.7071068, y: -5.58558E-09, z: -5.58558E-09, w: 0.7071068}
  m_LocalPosition: {x: -0.004498132, y: 2.556818, z: -0.146632}
  m_LocalScale: {x: 0.02313278, y: 0.02292223, z: 0.02261941}
  m_Children: []
  m_Father: {fileID: 4065579722242453}
  m_RootOrder: 3
  m_LocalEulerAnglesHint: {x: -90, y: 9.05182E-07, z: 0}
--- !u!137 &137135676867846185
SkinnedMeshRenderer:
  m_GameObject: {fileID: 1409080097200327}
  m_Enabled: 1
  m_CastShadows: 1
  m_ReceiveShadows: 1
  m_DynamicOccludee: 1
  m_MotionVectors: 1
  m_LightProbeUsage: 0
  m_ReflectionProbeUsage: 1
  m_Materials:
  - {fileID: 2100000, guid: d13de415087a510468af1e4de0fcaeaa, type: 2}
  m_StaticBatchInfo:
    firstSubMesh: 0
    subMeshCount: 0
  m_StaticBatchRoot: {fileID: 0}
  m_ProbeAnchor: {fileID: 0}
  m_LightProbeVolumeOverride: {fileID: 0}
  m_ScaleInLightmap: 1
  m_PreserveUVs: 0
  m_IgnoreNormalsForChartDetection: 0
  m_ImportantGI: 0
  m_StitchLightmapSeams: 0
  m_SelectedEditorRenderState: 3
  m_MinimumChartSize: 4
  m_AutoUVMaxDistance: 0.5
  m_AutoUVMaxAngle: 89
  m_LightmapParameters: {fileID: 0}
  m_SortingLayerID: 0
  m_SortingLayer: 0
  m_SortingOrder: 0
  serializedVersion: 2
  m_Quality: 0
  m_UpdateWhenOffscreen: 0
  m_skinnedMotionVectors: 0
  m_Mesh: {fileID: 4300000, guid: 750437c7b8e431b43908599e3e7a9869, type: 2}
  m_Bones:
  - {fileID: 4615492289464467}
  - {fileID: 4138588950573833}
  - {fileID: 4973088058546684}
  - {fileID: 4494874460101283}
  - {fileID: 4355363949799976}
  - {fileID: 4090151739393131}
  - {fileID: 4619890280016838}
  - {fileID: 4454664027121688}
  - {fileID: 4135045576956245}
  - {fileID: 4781171197776494}
  - {fileID: 4151241329653029}
  - {fileID: 4799072381951136}
  - {fileID: 4155035690820392}
  - {fileID: 4232275451566774}
  - {fileID: 4691769722492710}
  - {fileID: 4573336914265643}
  - {fileID: 4544810936004102}
  - {fileID: 4222821507759879}
  - {fileID: 4816174662220893}
  m_BlendShapeWeights: []
  m_RootBone: {fileID: 4355363949799976}
  m_AABB:
    m_Center: {x: -0.07696033, y: -0.05397296, z: 0.004496336}
    m_Extent: {x: 3.723804, y: 1.576978, z: 1.690291}
  m_DirtyAABB: 0
