%YAML 1.1
%TAG !u! tag:unity3d.com,2011:
--- !u!1001 &100100000
Prefab:
  serializedVersion: 2
  m_Modification:
    m_TransformParent: {fileID: 0}
    m_Modifications: []
    m_RemovedComponents: []
  m_ParentPrefab: {fileID: 0}
  m_RootGameObject: {fileID: 1161985848564614}
  m_IsPrefabParent: 1
--- !u!1 &1161985848564614
GameObject:
  serializedVersion: 5
  m_Component:
  - component: {fileID: 4921740252052304}
  - component: {fileID: 111931649589595822}
  - component: {fileID: 114799794802884700}
  - component: {fileID: 82058808323611929}
  - component: {fileID: 114540285636549250}
  - component: {fileID: 114732177982468326}
  m_Layer: 0
  m_Name: low_GhostEye
  m_TagString: Untagged
  m_Icon: {fileID: 0}
  m_NavMeshLayer: 0
  m_StaticEditorFlags: 0
  m_IsActive: 1
--- !u!4 &4921740252052304
Transform:
  m_GameObject: {fileID: 1161985848564614}
  m_LocalRotation: {x: 0, y: 0, z: 0, w: 1}
  m_LocalPosition: {x: 0, y: 0, z: 0}
  m_LocalScale: {x: 1, y: 1, z: 1}
  m_Children:
  - {fileID: 4320134874597802}
  - {fileID: 4196828306700479}
  - {fileID: 4917282795564777}
  - {fileID: 4601784745054131}
  m_Father: {fileID: 0}
  m_RootOrder: 0
  m_LocalEulerAnglesHint: {x: 0, y: 0, z: 0}
--- !u!111 &111931649589595822
Animation:
  m_GameObject: {fileID: 1161985848564614}
  m_Enabled: 1
  serializedVersion: 3
  m_Animation: {fileID: 0}
  m_Animations:
  - {fileID: 7400000, guid: ec432a8493a53e84aabfe60eb8cb8af4, type: 2}
  - {fileID: 7400000, guid: 9a46b8083d7419044bd72f52621cb5ea, type: 2}
  - {fileID: 7400000, guid: 316eb1bea4764dd468c42b22089931c9, type: 2}
  - {fileID: 7400000, guid: e84bef836c2ecd54da4577a9ef1eaf8f, type: 2}
  - {fileID: 7400000, guid: 2e0c4e004a66bb84aaee5942cf107dc0, type: 2}
  - {fileID: 7400000, guid: 9a239176375c85f40a4f4f846f435f4c, type: 2}
  - {fileID: 7400000, guid: d57db057cb8641d42a36f78cfdbc042b, type: 2}
  - {fileID: 7400000, guid: 11cc4faff5e3e1c4ebc0e5ebf0cff9ed, type: 2}
  m_WrapMode: 0
  m_PlayAutomatically: 0
  m_AnimatePhysics: 0
  m_CullingType: 1
--- !u!114 &114799794802884700
MonoBehaviour:
  m_GameObject: {fileID: 1161985848564614}
  m_Enabled: 1
  m_EditorHideFlags: 0
  m_Script: {fileID: 11500000, guid: 203ebd45b8aad6940846389310fb33f6, type: 3}
  m_Name:
  m_EditorClassIdentifier:
  SpawnEffect: {fileID: 0}
  SpawnAudio: {fileID: 8300000, guid: 9b40a995daeddf0449e4cc9b0a7f130e, type: 3}
  SpawnAudioDelaySecs: 0
  Intro: Ghosteye_Intro
  Idle: Ghosteye_Idle
  IntroLength: 1.733333
  hpBar: {fileID: 0}
--- !u!82 &82058808323611929
AudioSource:
  m_GameObject: {fileID: 1161985848564614}
  m_Enabled: 1
  serializedVersion: 4
  OutputAudioMixerGroup: {fileID: 0}
  m_audioClip: {fileID: 0}
  m_PlayOnAwake: 0
  m_Volume: 1
  m_Pitch: 1
  Loop: 0
  Mute: 0
  Spatialize: 0
  SpatializePostEffects: 0
  Priority: 128
  DopplerLevel: 1
  MinDistance: 1
  MaxDistance: 500
  Pan2D: 0
  rolloffMode: 0
  BypassEffects: 0
  BypassListenerEffects: 0
  BypassReverbZones: 0
  rolloffCustomCurve:
    serializedVersion: 2
    m_Curve:
    - serializedVersion: 2
      time: 0
      value: 1
      inSlope: 0
      outSlope: 0
      tangentMode: 0
    - serializedVersion: 2
      time: 1
      value: 0
      inSlope: 0
      outSlope: 0
      tangentMode: 0
    m_PreInfinity: 2
    m_PostInfinity: 2
    m_RotationOrder: 0
  panLevelCustomCurve:
    serializedVersion: 2
    m_Curve:
    - serializedVersion: 2
      time: 0
      value: 0
      inSlope: 0
      outSlope: 0
      tangentMode: 0
    m_PreInfinity: 2
    m_PostInfinity: 2
    m_RotationOrder: 0
  spreadCustomCurve:
    serializedVersion: 2
    m_Curve:
    - serializedVersion: 2
      time: 0
      value: 0
      inSlope: 0
      outSlope: 0
      tangentMode: 0
    m_PreInfinity: 2
    m_PostInfinity: 2
    m_RotationOrder: 0
  reverbZoneMixCustomCurve:
    serializedVersion: 2
    m_Curve:
    - serializedVersion: 2
      time: 0
      value: 1
      inSlope: 0
      outSlope: 0
      tangentMode: 0
    m_PreInfinity: 2
    m_PostInfinity: 2
    m_RotationOrder: 0
--- !u!114 &114540285636549250
MonoBehaviour:
  m_GameObject: {fileID: 1161985848564614}
  m_Enabled: 1
  m_EditorHideFlags: 0
  m_Script: {fileID: 11500000, guid: 816f303b97b032a4d9e1a96b34158d44, type: 3}
  m_Name:
  m_EditorClassIdentifier:
  Tombstone: {fileID: 0}
  Timer: 0
  Idle:
  RemoveTombstone: 0
  DamageDealt: 0
  Flooped: 0
  Crash: 0
--- !u!114 &114732177982468326
MonoBehaviour:
  m_GameObject: {fileID: 1161985848564614}
  m_Enabled: 1
  m_EditorHideFlags: 0
  m_Script: {fileID: 11500000, guid: 9390b1f887e33a34caef2ef05f3f87a5, type: 3}
  m_Name:
  m_EditorClassIdentifier:
  animTarget: {fileID: 0}
  animName:
--- !u!1 &1703429017716236
GameObject:
  serializedVersion: 5
  m_Component:
  - component: {fileID: 4320134874597802}
  - component: {fileID: 137668311322255827}
  m_Layer: 0
  m_Name: GhostEye
  m_TagString: Untagged
  m_Icon: {fileID: 0}
  m_NavMeshLayer: 0
  m_StaticEditorFlags: 0
  m_IsActive: 1
--- !u!4 &4320134874597802
Transform:
  m_GameObject: {fileID: 1703429017716236}
  m_LocalRotation: {x: -0.7071068, y: 0, z: 0, w: 0.7071068}
  m_LocalPosition: {x: 0, y: 0.01, z: 0}
  m_LocalScale: {x: 1, y: 1, z: 1}
  m_Children: []
  m_Father: {fileID: 4921740252052304}
  m_RootOrder: 0
  m_LocalEulerAnglesHint: {x: -90, y: 0, z: 0}
--- !u!137 &137668311322255827
SkinnedMeshRenderer:
  m_GameObject: {fileID: 1703429017716236}
  m_Enabled: 1
  m_CastShadows: 1
  m_ReceiveShadows: 1
  m_DynamicOccludee: 1
  m_MotionVectors: 1
  m_LightProbeUsage: 0
  m_ReflectionProbeUsage: 1
  m_Materials:
  - {fileID: 2100000, guid: 1f1a05f59fd619b4c8c670f742517219, type: 2}
  m_StaticBatchInfo:
    firstSubMesh: 0
    subMeshCount: 0
  m_StaticBatchRoot: {fileID: 0}
  m_ProbeAnchor: {fileID: 0}
  m_LightProbeVolumeOverride: {fileID: 0}
  m_ScaleInLightmap: 1
  m_PreserveUVs: 0
  m_IgnoreNormalsForChartDetection: 0
  m_ImportantGI: 0
  m_StitchLightmapSeams: 0
  m_SelectedEditorRenderState: 3
  m_MinimumChartSize: 4
  m_AutoUVMaxDistance: 0.5
  m_AutoUVMaxAngle: 89
  m_LightmapParameters: {fileID: 0}
  m_SortingLayerID: 0
  m_SortingLayer: 0
  m_SortingOrder: 0
  serializedVersion: 2
  m_Quality: 0
  m_UpdateWhenOffscreen: 0
  m_skinnedMotionVectors: 0
  m_Mesh: {fileID: 4300000, guid: c3947933974a37241824f961ea50ccb7, type: 2}
  m_Bones:
  - {fileID: 4917282795564777}
  - {fileID: 4465059572423543}
  - {fileID: 4940417939987789}
  - {fileID: 4812209419249584}
  - {fileID: 4951478667360448}
  - {fileID: 4344514466615848}
  - {fileID: 4178393848835511}
  m_BlendShapeWeights: []
  m_RootBone: {fileID: 4917282795564777}
  m_AABB:
    m_Center: {x: 0.4266182, y: -0.5108263, z: 3.576279E-07}
    m_Extent: {x: 1.698984, y: 1.671564, z: 1.485634}
  m_DirtyAABB: 0
--- !u!1 &1141780559279820
GameObject:
  serializedVersion: 5
  m_Component:
  - component: {fileID: 4196828306700479}
  - component: {fileID: 137337429551663906}
  m_Layer: 0
  m_Name: GhostEye_Outline
  m_TagString: Untagged
  m_Icon: {fileID: 0}
  m_NavMeshLayer: 0
  m_StaticEditorFlags: 0
  m_IsActive: 1
--- !u!4 &4196828306700479
Transform:
  m_GameObject: {fileID: 1141780559279820}
  m_LocalRotation: {x: -0.7071068, y: 0, z: 0, w: 0.7071068}
  m_LocalPosition: {x: 0, y: 0.01, z: 0}
  m_LocalScale: {x: 1, y: 1, z: 1}
  m_Children: []
  m_Father: {fileID: 4921740252052304}
  m_RootOrder: 1
  m_LocalEulerAnglesHint: {x: -90, y: 0, z: 0}
--- !u!137 &137337429551663906
SkinnedMeshRenderer:
  m_GameObject: {fileID: 1141780559279820}
  m_Enabled: 1
  m_CastShadows: 1
  m_ReceiveShadows: 1
  m_DynamicOccludee: 1
  m_MotionVectors: 1
  m_LightProbeUsage: 0
  m_ReflectionProbeUsage: 1
  m_Materials:
  - {fileID: 2100000, guid: 1f1a05f59fd619b4c8c670f742517219, type: 2}
  m_StaticBatchInfo:
    firstSubMesh: 0
    subMeshCount: 0
  m_StaticBatchRoot: {fileID: 0}
  m_ProbeAnchor: {fileID: 0}
  m_LightProbeVolumeOverride: {fileID: 0}
  m_ScaleInLightmap: 1
  m_PreserveUVs: 0
  m_IgnoreNormalsForChartDetection: 0
  m_ImportantGI: 0
  m_StitchLightmapSeams: 0
  m_SelectedEditorRenderState: 3
  m_MinimumChartSize: 4
  m_AutoUVMaxDistance: 0.5
  m_AutoUVMaxAngle: 89
  m_LightmapParameters: {fileID: 0}
  m_SortingLayerID: 0
  m_SortingLayer: 0
  m_SortingOrder: 0
  serializedVersion: 2
  m_Quality: 0
  m_UpdateWhenOffscreen: 0
  m_skinnedMotionVectors: 0
  m_Mesh: {fileID: 4300000, guid: bdb89ae18c05dda40806a46d37feae1c, type: 2}
  m_Bones:
  - {fileID: 4917282795564777}
  - {fileID: 4465059572423543}
  - {fileID: 4940417939987789}
  - {fileID: 4812209419249584}
  - {fileID: 4951478667360448}
  - {fileID: 4344514466615848}
  - {fileID: 4178393848835511}
  m_BlendShapeWeights: []
  m_RootBone: {fileID: 4917282795564777}
  m_AABB:
    m_Center: {x: 0.4277499, y: -0.5156498, z: 3.576279E-07}
    m_Extent: {x: 1.718642, y: 1.696381, z: 1.492177}
  m_DirtyAABB: 0
--- !u!1 &1709668855947320
GameObject:
  serializedVersion: 5
  m_Component:
  - component: {fileID: 4917282795564777}
  m_Layer: 0
  m_Name: Puppet_Global
  m_TagString: Untagged
  m_Icon: {fileID: 0}
  m_NavMeshLayer: 0
  m_StaticEditorFlags: 0
  m_IsActive: 1
--- !u!4 &4917282795564777
Transform:
  m_GameObject: {fileID: 1709668855947320}
  m_LocalRotation: {x: 0.4999999, y: -0.4999999, z: -0.5000001, w: 0.5000001}
  m_LocalPosition: {x: 0, y: 2.094821, z: 0.4129395}
  m_LocalScale: {x: 1, y: 1, z: 1}
  m_Children:
  - {fileID: 4178393848835511}
  - {fileID: 4344514466615848}
  m_Father: {fileID: 4921740252052304}
  m_RootOrder: 2
  m_LocalEulerAnglesHint: {x: 89.99997, y: 0, z: 90}
--- !u!1 &1311334523280389
GameObject:
  serializedVersion: 5
  m_Component:
  - component: {fileID: 4178393848835511}
  m_Layer: 0
  m_Name: Puppet_Eyeball
  m_TagString: Untagged
  m_Icon: {fileID: 0}
  m_NavMeshLayer: 0
  m_StaticEditorFlags: 0
  m_IsActive: 1
--- !u!4 &4178393848835511
Transform:
  m_GameObject: {fileID: 1311334523280389}
  m_LocalRotation: {x: 0.5000001, y: -0.4999999, z: -0.4999999, w: 0.5000001}
  m_LocalPosition: {x: -0.003748655, y: 0.2068096, z: 0.0002397196}
  m_LocalScale: {x: 1, y: 1, z: 1}
  m_Children: []
  m_Father: {fileID: 4917282795564777}
  m_RootOrder: 0
  m_LocalEulerAnglesHint: {x: 90.00001, y: -1.707546E-06, z: 89.99998}
--- !u!1 &1766580842449616
GameObject:
  serializedVersion: 5
  m_Component:
  - component: {fileID: 4344514466615848}
  m_Layer: 0
  m_Name: Puppet_Tail01
  m_TagString: Untagged
  m_Icon: {fileID: 0}
  m_NavMeshLayer: 0
  m_StaticEditorFlags: 0
  m_IsActive: 1
--- !u!4 &4344514466615848
Transform:
  m_GameObject: {fileID: 1766580842449616}
  m_LocalRotation: {x: 0.02145011, y: -0.07096001, z: 0.9545881, w: 0.2885587}
  m_LocalPosition: {x: 1.007808, y: -0.1438049, z: -7.526087E-08}
  m_LocalScale: {x: 0.9999999, y: 0.9999999, z: 0.9999999}
  m_Children:
  - {fileID: 4465059572423543}
  m_Father: {fileID: 4917282795564777}
  m_RootOrder: 1
  m_LocalEulerAnglesHint: {x: -7.09477, y: 4.698033, z: -146.6527}
--- !u!1 &1541089553813255
GameObject:
  serializedVersion: 5
  m_Component:
  - component: {fileID: 4465059572423543}
  m_Layer: 0
  m_Name: Puppet_Tail02
  m_TagString: Untagged
  m_Icon: {fileID: 0}
  m_NavMeshLayer: 0
  m_StaticEditorFlags: 0
  m_IsActive: 1
--- !u!4 &4465059572423543
Transform:
  m_GameObject: {fileID: 1541089553813255}
  m_LocalRotation: {x: -9.922018E-08, y: 1.867702E-07, z: -0.4499109, w: 0.8930735}
  m_LocalPosition: {x: -0.5321498, y: 1.490116E-07, z: 3.72529E-09}
  m_LocalScale: {x: 1, y: 1, z: 1}
  m_Children:
  - {fileID: 4940417939987789}
  m_Father: {fileID: 4344514466615848}
  m_RootOrder: 0
  m_LocalEulerAnglesHint: {x: -1.978318E-05, y: -1.399842E-05, z: 53.47593}
--- !u!1 &1063087971711540
GameObject:
  serializedVersion: 5
  m_Component:
  - component: {fileID: 4940417939987789}
  m_Layer: 0
  m_Name: Puppet_Tail03
  m_TagString: Untagged
  m_Icon: {fileID: 0}
  m_NavMeshLayer: 0
  m_StaticEditorFlags: 0
  m_IsActive: 1
--- !u!4 &4940417939987789
Transform:
  m_GameObject: {fileID: 1063087971711540}
  m_LocalRotation: {x: -4.180388E-08, y: 1.704681E-07, z: -0.2491056, w: 0.9684764}
  m_LocalPosition: {x: -0.5321496, y: 5.960464E-08, z: 1.862645E-08}
  m_LocalScale: {x: 0.9999999, y: 1, z: 1}
  m_Children:
  - {fileID: 4812209419249584}
  m_Father: {fileID: 4465059572423543}
  m_RootOrder: 0
  m_LocalEulerAnglesHint: {x: -9.505442E-06, y: -1.772511E-05, z: 28.84919}
--- !u!1 &1135434641921408
GameObject:
  serializedVersion: 5
  m_Component:
  - component: {fileID: 4812209419249584}
  m_Layer: 0
  m_Name: Puppet_Tail04
  m_TagString: Untagged
  m_Icon: {fileID: 0}
  m_NavMeshLayer: 0
  m_StaticEditorFlags: 0
  m_IsActive: 1
--- !u!4 &4812209419249584
Transform:
  m_GameObject: {fileID: 1135434641921408}
  m_LocalRotation: {x: -0.01239426, y: -0.07425325, z: 0.5782085, w: 0.8124086}
  m_LocalPosition: {x: -0.5321496, y: -8.940697E-08, z: 1.117587E-08}
  m_LocalScale: {x: 1, y: 1, z: 0.9999997}
  m_Children:
  - {fileID: 4951478667360448}
  m_Father: {fileID: 4940417939987789}
  m_RootOrder: 0
  m_LocalEulerAnglesHint: {x: -6.119953, y: 6.102936, z: -71.20709}
--- !u!1 &1613544978273912
GameObject:
  serializedVersion: 5
  m_Component:
  - component: {fileID: 4951478667360448}
  m_Layer: 0
  m_Name: Puppet_Tail05
  m_TagString: Untagged
  m_Icon: {fileID: 0}
  m_NavMeshLayer: 0
  m_StaticEditorFlags: 0
  m_IsActive: 1
--- !u!4 &4951478667360448
Transform:
  m_GameObject: {fileID: 1613544978273912}
  m_LocalRotation: {x: -1.635148E-07, y: 7.177155E-08, z: 0.3539797, w: 0.9352531}
  m_LocalPosition: {x: -0.4397314, y: 0, z: -7.450581E-09}
  m_LocalScale: {x: 1, y: 1, z: 1}
  m_Children: []
  m_Father: {fileID: 4812209419249584}
  m_RootOrder: 0
  m_LocalEulerAnglesHint: {x: -1.461295E-05, y: -1.432457E-05, z: -41.46185}
--- !u!1 &1021849897545416
GameObject:
  serializedVersion: 5
  m_Component:
  - component: {fileID: 4601784745054131}
  m_Layer: 0
  m_Name: Puppet_Root
  m_TagString: Untagged
  m_Icon: {fileID: 0}
  m_NavMeshLayer: 0
  m_StaticEditorFlags: 0
  m_IsActive: 1
--- !u!4 &4601784745054131
Transform:
  m_GameObject: {fileID: 1021849897545416}
  m_LocalRotation: {x: -0.7071068, y: -2.669254E-08, z: -2.669254E-08, w: 0.7071068}
  m_LocalPosition: {x: 0, y: 0, z: 0}
  m_LocalScale: {x: 1, y: 1, z: 1}
  m_Children: []
  m_Father: {fileID: 4921740252052304}
  m_RootOrder: 3
  m_LocalEulerAnglesHint: {x: -90, y: 4.325711E-06, z: 0}
