%YAML 1.1
%TAG !u! tag:unity3d.com,2011:
--- !u!1001 &100100000
Prefab:
  serializedVersion: 2
  m_Modification:
    m_TransformParent: {fileID: 0}
    m_Modifications: []
    m_RemovedComponents: []
  m_ParentPrefab: {fileID: 0}
  m_RootGameObject: {fileID: 1595913452594505}
  m_IsPrefabParent: 1
--- !u!1 &1595913452594505
GameObject:
  serializedVersion: 5
  m_Component:
  - component: {fileID: 4537811775237954}
  - component: {fileID: 111958392035738750}
  - component: {fileID: 114443845794102948}
  - component: {fileID: 82761592571540436}
  - component: {fileID: 114892527632970159}
  - component: {fileID: 114854849931296797}
  m_Layer: 0
  m_Name: low_Axey
  m_TagString: Untagged
  m_Icon: {fileID: 0}
  m_NavMeshLayer: 0
  m_StaticEditorFlags: 0
  m_IsActive: 1
--- !u!4 &4537811775237954
Transform:
  m_GameObject: {fileID: 1595913452594505}
  m_LocalRotation: {x: 0, y: 0, z: 0, w: 1}
  m_LocalPosition: {x: 0, y: 0, z: 0}
  m_LocalScale: {x: 1, y: 1, z: 1}
  m_Children:
  - {fileID: 4026844151024786}
  - {fileID: 4675003779700818}
  - {fileID: 4308478048467951}
  - {fileID: 4732594752973020}
  m_Father: {fileID: 0}
  m_RootOrder: 0
  m_LocalEulerAnglesHint: {x: 0, y: 0, z: 0}
--- !u!111 &111958392035738750
Animation:
  m_GameObject: {fileID: 1595913452594505}
  m_Enabled: 1
  serializedVersion: 3
  m_Animation: {fileID: 0}
  m_Animations:
  - {fileID: 7400000, guid: 227a66225ba55074995a5d018e1d36e8, type: 2}
  - {fileID: 7400000, guid: 8a2046f9471be4f4982e7c0b7a210f2d, type: 2}
  - {fileID: 7400000, guid: 316eb1bea4764dd468c42b22089931c9, type: 2}
  - {fileID: 7400000, guid: e84bef836c2ecd54da4577a9ef1eaf8f, type: 2}
  - {fileID: 7400000, guid: 2e0c4e004a66bb84aaee5942cf107dc0, type: 2}
  - {fileID: 7400000, guid: 9a239176375c85f40a4f4f846f435f4c, type: 2}
  - {fileID: 7400000, guid: d57db057cb8641d42a36f78cfdbc042b, type: 2}
  - {fileID: 7400000, guid: 11cc4faff5e3e1c4ebc0e5ebf0cff9ed, type: 2}
  m_WrapMode: 0
  m_PlayAutomatically: 0
  m_AnimatePhysics: 0
  m_CullingType: 1
--- !u!114 &114443845794102948
MonoBehaviour:
  m_GameObject: {fileID: 1595913452594505}
  m_Enabled: 1
  m_EditorHideFlags: 0
  m_Script: {fileID: 11500000, guid: 203ebd45b8aad6940846389310fb33f6, type: 3}
  m_Name:
  m_EditorClassIdentifier:
  SpawnEffect: {fileID: 0}
  SpawnAudio: {fileID: 8300000, guid: 53025f0723fb4c04eacfe123d2b9539f, type: 3}
  SpawnAudioDelaySecs: 0
  Intro: AxeTree_Intro
  Idle: AxeTree_Idle
  IntroLength: 2.4
  hpBar: {fileID: 0}
--- !u!82 &82761592571540436
AudioSource:
  m_GameObject: {fileID: 1595913452594505}
  m_Enabled: 1
  serializedVersion: 4
  OutputAudioMixerGroup: {fileID: 0}
  m_audioClip: {fileID: 0}
  m_PlayOnAwake: 0
  m_Volume: 1
  m_Pitch: 1
  Loop: 0
  Mute: 0
  Spatialize: 0
  SpatializePostEffects: 0
  Priority: 128
  DopplerLevel: 1
  MinDistance: 1
  MaxDistance: 500
  Pan2D: 0
  rolloffMode: 0
  BypassEffects: 0
  BypassListenerEffects: 0
  BypassReverbZones: 0
  rolloffCustomCurve:
    serializedVersion: 2
    m_Curve:
    - serializedVersion: 2
      time: 0
      value: 1
      inSlope: 0
      outSlope: 0
      tangentMode: 0
    - serializedVersion: 2
      time: 1
      value: 0
      inSlope: 0
      outSlope: 0
      tangentMode: 0
    m_PreInfinity: 2
    m_PostInfinity: 2
    m_RotationOrder: 0
  panLevelCustomCurve:
    serializedVersion: 2
    m_Curve:
    - serializedVersion: 2
      time: 0
      value: 0
      inSlope: 0
      outSlope: 0
      tangentMode: 0
    m_PreInfinity: 2
    m_PostInfinity: 2
    m_RotationOrder: 0
  spreadCustomCurve:
    serializedVersion: 2
    m_Curve:
    - serializedVersion: 2
      time: 0
      value: 0
      inSlope: 0
      outSlope: 0
      tangentMode: 0
    m_PreInfinity: 2
    m_PostInfinity: 2
    m_RotationOrder: 0
  reverbZoneMixCustomCurve:
    serializedVersion: 2
    m_Curve:
    - serializedVersion: 2
      time: 0
      value: 1
      inSlope: 0
      outSlope: 0
      tangentMode: 0
    m_PreInfinity: 2
    m_PostInfinity: 2
    m_RotationOrder: 0
--- !u!114 &114892527632970159
MonoBehaviour:
  m_GameObject: {fileID: 1595913452594505}
  m_Enabled: 1
  m_EditorHideFlags: 0
  m_Script: {fileID: 11500000, guid: 816f303b97b032a4d9e1a96b34158d44, type: 3}
  m_Name:
  m_EditorClassIdentifier:
  Tombstone: {fileID: 0}
  Timer: 0
  Idle:
  RemoveTombstone: 0
  DamageDealt: 0
  Flooped: 0
  Crash: 0
--- !u!114 &114854849931296797
MonoBehaviour:
  m_GameObject: {fileID: 1595913452594505}
  m_Enabled: 1
  m_EditorHideFlags: 0
  m_Script: {fileID: 11500000, guid: 9390b1f887e33a34caef2ef05f3f87a5, type: 3}
  m_Name:
  m_EditorClassIdentifier:
  animTarget: {fileID: 0}
  animName:
--- !u!1 &1338421148070649
GameObject:
  serializedVersion: 5
  m_Component:
  - component: {fileID: 4026844151024786}
  - component: {fileID: 137357284714560460}
  m_Layer: 0
  m_Name: AxeTree
  m_TagString: Untagged
  m_Icon: {fileID: 0}
  m_NavMeshLayer: 0
  m_StaticEditorFlags: 0
  m_IsActive: 1
--- !u!4 &4026844151024786
Transform:
  m_GameObject: {fileID: 1338421148070649}
  m_LocalRotation: {x: -0.7071068, y: 0, z: 0, w: 0.7071068}
  m_LocalPosition: {x: 0, y: -0.01597843, z: 0}
  m_LocalScale: {x: 1, y: 1, z: 1}
  m_Children: []
  m_Father: {fileID: 4537811775237954}
  m_RootOrder: 0
  m_LocalEulerAnglesHint: {x: -90, y: 0, z: 0}
--- !u!137 &137357284714560460
SkinnedMeshRenderer:
  m_GameObject: {fileID: 1338421148070649}
  m_Enabled: 1
  m_CastShadows: 1
  m_ReceiveShadows: 1
  m_DynamicOccludee: 1
  m_MotionVectors: 1
  m_LightProbeUsage: 0
  m_ReflectionProbeUsage: 1
  m_Materials:
  - {fileID: 2100000, guid: 337a13e4f378c1c4fb4315b44b025d70, type: 2}
  m_StaticBatchInfo:
    firstSubMesh: 0
    subMeshCount: 0
  m_StaticBatchRoot: {fileID: 0}
  m_ProbeAnchor: {fileID: 0}
  m_LightProbeVolumeOverride: {fileID: 0}
  m_ScaleInLightmap: 1
  m_PreserveUVs: 0
  m_IgnoreNormalsForChartDetection: 0
  m_ImportantGI: 0
  m_StitchLightmapSeams: 0
  m_SelectedEditorRenderState: 3
  m_MinimumChartSize: 4
  m_AutoUVMaxDistance: 0.5
  m_AutoUVMaxAngle: 89
  m_LightmapParameters: {fileID: 0}
  m_SortingLayerID: 0
  m_SortingLayer: 0
  m_SortingOrder: 0
  serializedVersion: 2
  m_Quality: 0
  m_UpdateWhenOffscreen: 0
  m_skinnedMotionVectors: 0
  m_Mesh: {fileID: 4300000, guid: 924974a780a4caa48a80ccd81f12ee73, type: 2}
  m_Bones:
  - {fileID: 4868076535381965}
  - {fileID: 4311666141000728}
  - {fileID: 4783014244801031}
  m_BlendShapeWeights: []
  m_RootBone: {fileID: 4868076535381965}
  m_AABB:
    m_Center: {x: -1.817372, y: -0.4265732, z: 0.004070044}
    m_Extent: {x: 1.799302, y: 1.445245, z: 1.053769}
  m_DirtyAABB: 0
--- !u!1 &1701847163504566
GameObject:
  serializedVersion: 5
  m_Component:
  - component: {fileID: 4675003779700818}
  - component: {fileID: 137728092462764225}
  m_Layer: 0
  m_Name: AxeTree_Outline
  m_TagString: Untagged
  m_Icon: {fileID: 0}
  m_NavMeshLayer: 0
  m_StaticEditorFlags: 0
  m_IsActive: 1
--- !u!4 &4675003779700818
Transform:
  m_GameObject: {fileID: 1701847163504566}
  m_LocalRotation: {x: -0.7071068, y: 0, z: 0, w: 0.7071068}
  m_LocalPosition: {x: 0, y: -0.01597843, z: 0}
  m_LocalScale: {x: 1, y: 1, z: 1}
  m_Children: []
  m_Father: {fileID: 4537811775237954}
  m_RootOrder: 1
  m_LocalEulerAnglesHint: {x: -90, y: 0, z: 0}
--- !u!137 &137728092462764225
SkinnedMeshRenderer:
  m_GameObject: {fileID: 1701847163504566}
  m_Enabled: 1
  m_CastShadows: 1
  m_ReceiveShadows: 1
  m_DynamicOccludee: 1
  m_MotionVectors: 1
  m_LightProbeUsage: 0
  m_ReflectionProbeUsage: 1
  m_Materials:
  - {fileID: 2100000, guid: 337a13e4f378c1c4fb4315b44b025d70, type: 2}
  m_StaticBatchInfo:
    firstSubMesh: 0
    subMeshCount: 0
  m_StaticBatchRoot: {fileID: 0}
  m_ProbeAnchor: {fileID: 0}
  m_LightProbeVolumeOverride: {fileID: 0}
  m_ScaleInLightmap: 1
  m_PreserveUVs: 0
  m_IgnoreNormalsForChartDetection: 0
  m_ImportantGI: 0
  m_StitchLightmapSeams: 0
  m_SelectedEditorRenderState: 3
  m_MinimumChartSize: 4
  m_AutoUVMaxDistance: 0.5
  m_AutoUVMaxAngle: 89
  m_LightmapParameters: {fileID: 0}
  m_SortingLayerID: 0
  m_SortingLayer: 0
  m_SortingOrder: 0
  serializedVersion: 2
  m_Quality: 0
  m_UpdateWhenOffscreen: 0
  m_skinnedMotionVectors: 0
  m_Mesh: {fileID: 4300000, guid: a9c6170fcba96e94bac8afffdb3a858a, type: 2}
  m_Bones:
  - {fileID: 4868076535381965}
  - {fileID: 4311666141000728}
  - {fileID: 4783014244801031}
  m_BlendShapeWeights: []
  m_RootBone: {fileID: 4868076535381965}
  m_AABB:
    m_Center: {x: -1.821021, y: -0.4279211, z: 0.004070044}
    m_Extent: {x: 1.815323, y: 1.458699, z: 1.068104}
  m_DirtyAABB: 0
--- !u!1 &1004820348576803
GameObject:
  serializedVersion: 5
  m_Component:
  - component: {fileID: 4308478048467951}
  m_Layer: 0
  m_Name: Puppet_Global
  m_TagString: Untagged
  m_Icon: {fileID: 0}
  m_NavMeshLayer: 0
  m_StaticEditorFlags: 0
  m_IsActive: 1
--- !u!4 &4308478048467951
Transform:
  m_GameObject: {fileID: 1004820348576803}
  m_LocalRotation: {x: 0.5000001, y: -0.5000001, z: -0.5, w: 0.5}
  m_LocalPosition: {x: 0, y: 1.6, z: -0.04906268}
  m_LocalScale: {x: 1, y: 1, z: 1}
  m_Children:
  - {fileID: 4783014244801031}
  - {fileID: 4868076535381965}
  m_Father: {fileID: 4537811775237954}
  m_RootOrder: 2
  m_LocalEulerAnglesHint: {x: 90.00001, y: 0, z: 90}
--- !u!1 &1043541739972692
GameObject:
  serializedVersion: 5
  m_Component:
  - component: {fileID: 4783014244801031}
  m_Layer: 0
  m_Name: Puppet_Axe
  m_TagString: Untagged
  m_Icon: {fileID: 0}
  m_NavMeshLayer: 0
  m_StaticEditorFlags: 0
  m_IsActive: 1
--- !u!4 &4783014244801031
Transform:
  m_GameObject: {fileID: 1043541739972692}
  m_LocalRotation: {x: -1.939833E-09, y: -1.356795E-07, z: -0.8340392, w: 0.5517052}
  m_LocalPosition: {x: -0.9640224, y: -0.548911, z: 0.02710065}
  m_LocalScale: {x: 0.9999999, y: 1, z: 1}
  m_Children: []
  m_Father: {fileID: 4308478048467951}
  m_RootOrder: 0
  m_LocalEulerAnglesHint: {x: 1.284477E-05, y: 8.763157E-06, z: 113.0318}
--- !u!1 &1927917418740993
GameObject:
  serializedVersion: 5
  m_Component:
  - component: {fileID: 4868076535381965}
  m_Layer: 0
  m_Name: Puppet_Base
  m_TagString: Untagged
  m_Icon: {fileID: 0}
  m_NavMeshLayer: 0
  m_StaticEditorFlags: 0
  m_IsActive: 1
--- !u!4 &4868076535381965
Transform:
  m_GameObject: {fileID: 1927917418740993}
  m_LocalRotation: {x: 8.589581E-08, y: 0, z: 0, w: 1}
  m_LocalPosition: {x: 1.6134, y: -2.644956E-07, z: -4.174439E-14}
  m_LocalScale: {x: 1, y: 1, z: 1}
  m_Children:
  - {fileID: 4311666141000728}
  m_Father: {fileID: 4308478048467951}
  m_RootOrder: 1
  m_LocalEulerAnglesHint: {x: 9.842935E-06, y: 0, z: 0}
--- !u!1 &1873212342084524
GameObject:
  serializedVersion: 5
  m_Component:
  - component: {fileID: 4311666141000728}
  m_Layer: 0
  m_Name: Puppet_Mid
  m_TagString: Untagged
  m_Icon: {fileID: 0}
  m_NavMeshLayer: 0
  m_StaticEditorFlags: 0
  m_IsActive: 1
--- !u!4 &4311666141000728
Transform:
  m_GameObject: {fileID: 1873212342084524}
  m_LocalRotation: {x: -8.742276E-08, y: 2.557175E-14, z: 7.10543E-15, w: 1}
  m_LocalPosition: {x: -0.9416189, y: 3.72529E-09, z: -7.408302E-09}
  m_LocalScale: {x: 1, y: 1, z: 1}
  m_Children: []
  m_Father: {fileID: 4868076535381965}
  m_RootOrder: 0
  m_LocalEulerAnglesHint: {x: -1.001791E-05, y: -2.930306E-12, z: -8.14222E-13}
--- !u!1 &1736373855959380
GameObject:
  serializedVersion: 5
  m_Component:
  - component: {fileID: 4732594752973020}
  m_Layer: 0
  m_Name: Puppet_Root
  m_TagString: Untagged
  m_Icon: {fileID: 0}
  m_NavMeshLayer: 0
  m_StaticEditorFlags: 0
  m_IsActive: 1
--- !u!4 &4732594752973020
Transform:
  m_GameObject: {fileID: 1736373855959380}
  m_LocalRotation: {x: -0.7071068, y: 0, z: 0, w: 0.7071068}
  m_LocalPosition: {x: 0, y: 0, z: 0}
  m_LocalScale: {x: 1, y: 1, z: 1}
  m_Children: []
  m_Father: {fileID: 4537811775237954}
  m_RootOrder: 3
  m_LocalEulerAnglesHint: {x: -90, y: 0, z: 0}
