%YAML 1.1
%TAG !u! tag:unity3d.com,2011:
--- !u!1001 &100100000
Prefab:
  serializedVersion: 2
  m_Modification:
    m_TransformParent: {fileID: 0}
    m_Modifications: []
    m_RemovedComponents: []
  m_ParentPrefab: {fileID: 0}
  m_RootGameObject: {fileID: 1474362232913886}
  m_IsPrefabParent: 1
--- !u!1 &1474362232913886
GameObject:
  serializedVersion: 5
  m_Component:
  - component: {fileID: 4651197112852788}
  - component: {fileID: 111601467858184427}
  - component: {fileID: 114178355518711217}
  - component: {fileID: 82388148318363328}
  - component: {fileID: 114721850575209975}
  - component: {fileID: 114052078649175564}
  m_Layer: 0
  m_Name: low_ManowarElf
  m_TagString: Untagged
  m_Icon: {fileID: 0}
  m_NavMeshLayer: 0
  m_StaticEditorFlags: 0
  m_IsActive: 1
--- !u!4 &4651197112852788
Transform:
  m_GameObject: {fileID: 1474362232913886}
  m_LocalRotation: {x: 0, y: 0, z: 0, w: 1}
  m_LocalPosition: {x: 0, y: 0, z: 0}
  m_LocalScale: {x: 1, y: 1, z: 1}
  m_Children:
  - {fileID: 4258573260289799}
  - {fileID: 4448577602734000}
  - {fileID: 4427405636166428}
  - {fileID: 4854198003136575}
  m_Father: {fileID: 0}
  m_RootOrder: 0
  m_LocalEulerAnglesHint: {x: 0, y: 0, z: 0}
--- !u!111 &111601467858184427
Animation:
  m_GameObject: {fileID: 1474362232913886}
  m_Enabled: 1
  serializedVersion: 3
  m_Animation: {fileID: 0}
  m_Animations:
  - {fileID: 7400000, guid: 4950d2ad621712e4f91a53e5266a2cc8, type: 2}
  - {fileID: 7400000, guid: dedfd2bfd373ba34b8180c6227cc5328, type: 2}
  - {fileID: 7400000, guid: 316eb1bea4764dd468c42b22089931c9, type: 2}
  - {fileID: 7400000, guid: e84bef836c2ecd54da4577a9ef1eaf8f, type: 2}
  - {fileID: 7400000, guid: 2e0c4e004a66bb84aaee5942cf107dc0, type: 2}
  - {fileID: 7400000, guid: 9a239176375c85f40a4f4f846f435f4c, type: 2}
  - {fileID: 7400000, guid: d57db057cb8641d42a36f78cfdbc042b, type: 2}
  - {fileID: 7400000, guid: 11cc4faff5e3e1c4ebc0e5ebf0cff9ed, type: 2}
  m_WrapMode: 0
  m_PlayAutomatically: 0
  m_AnimatePhysics: 0
  m_CullingType: 1
--- !u!114 &114178355518711217
MonoBehaviour:
  m_GameObject: {fileID: 1474362232913886}
  m_Enabled: 1
  m_EditorHideFlags: 0
  m_Script: {fileID: 11500000, guid: 203ebd45b8aad6940846389310fb33f6, type: 3}
  m_Name:
  m_EditorClassIdentifier:
  SpawnEffect: {fileID: 0}
  SpawnAudio: {fileID: 8300000, guid: bd46038c79c45cd41a4fde5832feb987, type: 3}
  SpawnAudioDelaySecs: 0
  Intro: ManOWar_Intro
  Idle: ManOWar_Idle
  IntroLength: 2.133333
  hpBar: {fileID: 0}
--- !u!82 &82388148318363328
AudioSource:
  m_GameObject: {fileID: 1474362232913886}
  m_Enabled: 1
  serializedVersion: 4
  OutputAudioMixerGroup: {fileID: 0}
  m_audioClip: {fileID: 0}
  m_PlayOnAwake: 0
  m_Volume: 1
  m_Pitch: 1
  Loop: 0
  Mute: 0
  Spatialize: 0
  SpatializePostEffects: 0
  Priority: 128
  DopplerLevel: 1
  MinDistance: 1
  MaxDistance: 500
  Pan2D: 0
  rolloffMode: 2
  BypassEffects: 0
  BypassListenerEffects: 0
  BypassReverbZones: 0
  rolloffCustomCurve:
    serializedVersion: 2
    m_Curve:
    - serializedVersion: 2
      time: 0
      value: 1
      inSlope: 0
      outSlope: 0
      tangentMode: 0
    - serializedVersion: 2
      time: 1
      value: 1
      inSlope: 0
      outSlope: 0
      tangentMode: 0
    m_PreInfinity: 2
    m_PostInfinity: 2
    m_RotationOrder: 0
  panLevelCustomCurve:
    serializedVersion: 2
    m_Curve:
    - serializedVersion: 2
      time: 0
      value: 0
      inSlope: 0
      outSlope: 0
      tangentMode: 0
    m_PreInfinity: 2
    m_PostInfinity: 2
    m_RotationOrder: 0
  spreadCustomCurve:
    serializedVersion: 2
    m_Curve:
    - serializedVersion: 2
      time: 0
      value: 0
      inSlope: 0
      outSlope: 0
      tangentMode: 0
    m_PreInfinity: 2
    m_PostInfinity: 2
    m_RotationOrder: 0
  reverbZoneMixCustomCurve:
    serializedVersion: 2
    m_Curve:
    - serializedVersion: 2
      time: 0
      value: 1
      inSlope: 0
      outSlope: 0
      tangentMode: 0
    m_PreInfinity: 2
    m_PostInfinity: 2
    m_RotationOrder: 0
--- !u!114 &114721850575209975
MonoBehaviour:
  m_GameObject: {fileID: 1474362232913886}
  m_Enabled: 1
  m_EditorHideFlags: 0
  m_Script: {fileID: 11500000, guid: 816f303b97b032a4d9e1a96b34158d44, type: 3}
  m_Name:
  m_EditorClassIdentifier:
  Tombstone: {fileID: 0}
  Timer: 0
  Idle:
  RemoveTombstone: 0
  DamageDealt: 0
  Flooped: 0
  Crash: 0
--- !u!114 &114052078649175564
MonoBehaviour:
  m_GameObject: {fileID: 1474362232913886}
  m_Enabled: 1
  m_EditorHideFlags: 0
  m_Script: {fileID: 11500000, guid: 9390b1f887e33a34caef2ef05f3f87a5, type: 3}
  m_Name:
  m_EditorClassIdentifier:
  animTarget: {fileID: 0}
  animName:
--- !u!1 &1860455630420588
GameObject:
  serializedVersion: 5
  m_Component:
  - component: {fileID: 4258573260289799}
  - component: {fileID: 137768706034357163}
  m_Layer: 0
  m_Name: ManowarElf
  m_TagString: Untagged
  m_Icon: {fileID: 0}
  m_NavMeshLayer: 0
  m_StaticEditorFlags: 0
  m_IsActive: 1
--- !u!4 &4258573260289799
Transform:
  m_GameObject: {fileID: 1860455630420588}
  m_LocalRotation: {x: -0.7071068, y: 0, z: 0, w: 0.7071068}
  m_LocalPosition: {x: -0.0002508461, y: 2.9452E-08, z: -0.04972148}
  m_LocalScale: {x: 1, y: 1, z: 1}
  m_Children: []
  m_Father: {fileID: 4651197112852788}
  m_RootOrder: 0
  m_LocalEulerAnglesHint: {x: -90, y: 0, z: 0}
--- !u!137 &137768706034357163
SkinnedMeshRenderer:
  m_GameObject: {fileID: 1860455630420588}
  m_Enabled: 1
  m_CastShadows: 1
  m_ReceiveShadows: 1
  m_DynamicOccludee: 1
  m_MotionVectors: 1
  m_LightProbeUsage: 0
  m_ReflectionProbeUsage: 1
  m_Materials:
  - {fileID: 2100000, guid: cb0db6cb5e596b44292071633dab5231, type: 2}
  m_StaticBatchInfo:
    firstSubMesh: 0
    subMeshCount: 0
  m_StaticBatchRoot: {fileID: 0}
  m_ProbeAnchor: {fileID: 0}
  m_LightProbeVolumeOverride: {fileID: 0}
  m_ScaleInLightmap: 1
  m_PreserveUVs: 0
  m_IgnoreNormalsForChartDetection: 0
  m_ImportantGI: 0
  m_StitchLightmapSeams: 0
  m_SelectedEditorRenderState: 3
  m_MinimumChartSize: 4
  m_AutoUVMaxDistance: 0.5
  m_AutoUVMaxAngle: 89
  m_LightmapParameters: {fileID: 0}
  m_SortingLayerID: 0
  m_SortingLayer: 0
  m_SortingOrder: 0
  serializedVersion: 2
  m_Quality: 0
  m_UpdateWhenOffscreen: 0
  m_skinnedMotionVectors: 0
  m_Mesh: {fileID: 4300000, guid: 5221a981b9bf55e49ade033c071727ff, type: 2}
  m_Bones:
  - {fileID: 4691352942944627}
  - {fileID: 4755806291541904}
  - {fileID: 4024516111859638}
  - {fileID: 4029254669620626}
  - {fileID: 4789299104057665}
  - {fileID: 4786578296535828}
  - {fileID: 4266216261562745}
  - {fileID: 4427405636166428}
  - {fileID: 4783630950065325}
  - {fileID: 4786353043547585}
  - {fileID: 4210261259085215}
  - {fileID: 4431460610859777}
  - {fileID: 4497239509048858}
  - {fileID: 4942990201547341}
  - {fileID: 4071601039336275}
  - {fileID: 4421757425323684}
  - {fileID: 4229762636929324}
  - {fileID: 4542340476058715}
  - {fileID: 4122567773692553}
  - {fileID: 4689946740818266}
  - {fileID: 4223247587978430}
  - {fileID: 4746971207063965}
  - {fileID: 4262531833440808}
  - {fileID: 4755332913304087}
  m_BlendShapeWeights: []
  m_RootBone: {fileID: 4427405636166428}
  m_AABB:
    m_Center: {x: -0.3011247, y: -0.01048225, z: 0.0002505779}
    m_Extent: {x: 1.776257, y: 0.6464979, z: 0.8737158}
  m_DirtyAABB: 0
--- !u!1 &1781455736083680
GameObject:
  serializedVersion: 5
  m_Component:
  - component: {fileID: 4448577602734000}
  - component: {fileID: 137914666909971313}
  m_Layer: 0
  m_Name: ManowarElf_Outline
  m_TagString: Untagged
  m_Icon: {fileID: 0}
  m_NavMeshLayer: 0
  m_StaticEditorFlags: 0
  m_IsActive: 1
--- !u!4 &4448577602734000
Transform:
  m_GameObject: {fileID: 1781455736083680}
  m_LocalRotation: {x: -0.7071068, y: 0, z: 0, w: 0.7071068}
  m_LocalPosition: {x: -0.0002508461, y: 2.9452E-08, z: -0.04972148}
  m_LocalScale: {x: 1, y: 1, z: 1}
  m_Children: []
  m_Father: {fileID: 4651197112852788}
  m_RootOrder: 1
  m_LocalEulerAnglesHint: {x: -90, y: 0, z: 0}
--- !u!137 &137914666909971313
SkinnedMeshRenderer:
  m_GameObject: {fileID: 1781455736083680}
  m_Enabled: 1
  m_CastShadows: 1
  m_ReceiveShadows: 1
  m_DynamicOccludee: 1
  m_MotionVectors: 1
  m_LightProbeUsage: 0
  m_ReflectionProbeUsage: 1
  m_Materials:
  - {fileID: 2100000, guid: cb0db6cb5e596b44292071633dab5231, type: 2}
  m_StaticBatchInfo:
    firstSubMesh: 0
    subMeshCount: 0
  m_StaticBatchRoot: {fileID: 0}
  m_ProbeAnchor: {fileID: 0}
  m_LightProbeVolumeOverride: {fileID: 0}
  m_ScaleInLightmap: 1
  m_PreserveUVs: 0
  m_IgnoreNormalsForChartDetection: 0
  m_ImportantGI: 0
  m_StitchLightmapSeams: 0
  m_SelectedEditorRenderState: 3
  m_MinimumChartSize: 4
  m_AutoUVMaxDistance: 0.5
  m_AutoUVMaxAngle: 89
  m_LightmapParameters: {fileID: 0}
  m_SortingLayerID: 0
  m_SortingLayer: 0
  m_SortingOrder: 0
  serializedVersion: 2
  m_Quality: 0
  m_UpdateWhenOffscreen: 0
  m_skinnedMotionVectors: 0
  m_Mesh: {fileID: 4300000, guid: a913c8d69ae77c147a9ecac73653d302, type: 2}
  m_Bones:
  - {fileID: 4755806291541904}
  - {fileID: 4691352942944627}
  - {fileID: 4024516111859638}
  - {fileID: 4029254669620626}
  - {fileID: 4789299104057665}
  - {fileID: 4786578296535828}
  - {fileID: 4266216261562745}
  - {fileID: 4427405636166428}
  - {fileID: 4783630950065325}
  - {fileID: 4786353043547585}
  - {fileID: 4210261259085215}
  - {fileID: 4431460610859777}
  - {fileID: 4497239509048858}
  - {fileID: 4942990201547341}
  - {fileID: 4071601039336275}
  - {fileID: 4421757425323684}
  - {fileID: 4229762636929324}
  - {fileID: 4542340476058715}
  - {fileID: 4122567773692553}
  - {fileID: 4689946740818266}
  - {fileID: 4223247587978430}
  - {fileID: 4746971207063965}
  - {fileID: 4262531833440808}
  - {fileID: 4755332913304087}
  m_BlendShapeWeights: []
  m_RootBone: {fileID: 4427405636166428}
  m_AABB:
    m_Center: {x: -0.3049531, y: -0.01206315, z: 0.0002508163}
    m_Extent: {x: 1.792923, y: 0.66106, z: 0.8846842}
  m_DirtyAABB: 0
--- !u!1 &1193420007213336
GameObject:
  serializedVersion: 5
  m_Component:
  - component: {fileID: 4427405636166428}
  m_Layer: 0
  m_Name: Puppet_Pelvis
  m_TagString: Untagged
  m_Icon: {fileID: 0}
  m_NavMeshLayer: 0
  m_StaticEditorFlags: 0
  m_IsActive: 1
--- !u!4 &4427405636166428
Transform:
  m_GameObject: {fileID: 1193420007213336}
  m_LocalRotation: {x: 0.4959361, y: -0.5040311, z: -0.4959362, w: 0.5040312}
  m_LocalPosition: {x: 2.550102E-09, y: 1.403184, z: -0.04307199}
  m_LocalScale: {x: 1, y: 1, z: 1}
  m_Children:
  - {fileID: 4229762636929324}
  - {fileID: 4071601039336275}
  - {fileID: 4024516111859638}
  m_Father: {fileID: 4651197112852788}
  m_RootOrder: 2
  m_LocalEulerAnglesHint: {x: 89.99998, y: 0.9276283, z: 89.99999}
--- !u!1 &1567659261881637
GameObject:
  serializedVersion: 5
  m_Component:
  - component: {fileID: 4229762636929324}
  m_Layer: 0
  m_Name: Puppet_L_Thigh
  m_TagString: Untagged
  m_Icon: {fileID: 0}
  m_NavMeshLayer: 0
  m_StaticEditorFlags: 0
  m_IsActive: 1
--- !u!4 &4229762636929324
Transform:
  m_GameObject: {fileID: 1567659261881637}
  m_LocalRotation: {x: -0.0399862, y: 0.9991632, z: 0.004874792, w: 0.007098801}
  m_LocalPosition: {x: 0.03635073, y: 0.04957364, z: 0.1928557}
  m_LocalScale: {x: 1, y: 0.9999998, z: 1}
  m_Children:
  - {fileID: 4262531833440808}
  m_Father: {fileID: 4427405636166428}
  m_RootOrder: 0
  m_LocalEulerAnglesHint: {x: 179.4743, y: -0.8351482, z: 175.4204}
--- !u!1 &1455800801062165
GameObject:
  serializedVersion: 5
  m_Component:
  - component: {fileID: 4262531833440808}
  m_Layer: 0
  m_Name: Puppet_L_Calf
  m_TagString: Untagged
  m_Icon: {fileID: 0}
  m_NavMeshLayer: 0
  m_StaticEditorFlags: 0
  m_IsActive: 1
--- !u!4 &4262531833440808
Transform:
  m_GameObject: {fileID: 1455800801062165}
  m_LocalRotation: {x: -0.03273478, y: 0.003938294, z: 0.06079439, w: 0.9976056}
  m_LocalPosition: {x: -0.6574073, y: -2.980232E-08, z: 1.192093E-07}
  m_LocalScale: {x: 1, y: 1, z: 1}
  m_Children:
  - {fileID: 4755332913304087}
  m_Father: {fileID: 4229762636929324}
  m_RootOrder: 0
  m_LocalEulerAnglesHint: {x: -3.71758, y: -0.6782782, z: -6.952607}
--- !u!1 &1489801292544409
GameObject:
  serializedVersion: 5
  m_Component:
  - component: {fileID: 4755332913304087}
  m_Layer: 0
  m_Name: Puppet_L_Foot
  m_TagString: Untagged
  m_Icon: {fileID: 0}
  m_NavMeshLayer: 0
  m_StaticEditorFlags: 0
  m_IsActive: 1
--- !u!4 &4755332913304087
Transform:
  m_GameObject: {fileID: 1489801292544409}
  m_LocalRotation: {x: 0.02850161, y: 0.0249448, z: -0.64288, w: 0.7650299}
  m_LocalPosition: {x: -0.6149762, y: 1.043081E-07, z: -2.980232E-08}
  m_LocalScale: {x: 1, y: 1, z: 0.9999999}
  m_Children: []
  m_Father: {fileID: 4262531833440808}
  m_RootOrder: 0
  m_LocalEulerAnglesHint: {x: 0.6628451, y: -4.290493, z: 80.05807}
--- !u!1 &1044839308895007
GameObject:
  serializedVersion: 5
  m_Component:
  - component: {fileID: 4071601039336275}
  m_Layer: 0
  m_Name: Puppet_R_Thigh
  m_TagString: Untagged
  m_Icon: {fileID: 0}
  m_NavMeshLayer: 0
  m_StaticEditorFlags: 0
  m_IsActive: 1
--- !u!4 &4071601039336275
Transform:
  m_GameObject: {fileID: 1044839308895007}
  m_LocalRotation: {x: -0.04004174, y: 0.9991525, z: -0.004922617, w: -0.008174485}
  m_LocalPosition: {x: 0.03635097, y: 0.0495736, z: -0.1942703}
  m_LocalScale: {x: 1, y: 0.9999999, z: 1}
  m_Children:
  - {fileID: 4942990201547341}
  m_Father: {fileID: 4427405636166428}
  m_RootOrder: 1
  m_LocalEulerAnglesHint: {x: -179.4738, y: 0.9585648, z: 175.4145}
--- !u!1 &1516363996972740
GameObject:
  serializedVersion: 5
  m_Component:
  - component: {fileID: 4942990201547341}
  m_Layer: 0
  m_Name: Puppet_R_Calf
  m_TagString: Untagged
  m_Icon: {fileID: 0}
  m_NavMeshLayer: 0
  m_StaticEditorFlags: 0
  m_IsActive: 1
--- !u!4 &4942990201547341
Transform:
  m_GameObject: {fileID: 1516363996972740}
  m_LocalRotation: {x: 0.03265607, y: -0.004954322, z: 0.06096746, w: 0.9975931}
  m_LocalPosition: {x: -0.6574374, y: 7.450581E-08, z: 0}
  m_LocalScale: {x: 0.9999999, y: 0.9999999, z: 1}
  m_Children:
  - {fileID: 4421757425323684}
  m_Father: {fileID: 4071601039336275}
  m_RootOrder: 0
  m_LocalEulerAnglesHint: {x: 3.70142, y: 0.7945294, z: -6.96884}
--- !u!1 &1371636272799601
GameObject:
  serializedVersion: 5
  m_Component:
  - component: {fileID: 4421757425323684}
  m_Layer: 0
  m_Name: Puppet_R_Foot
  m_TagString: Untagged
  m_Icon: {fileID: 0}
  m_NavMeshLayer: 0
  m_StaticEditorFlags: 0
  m_IsActive: 1
--- !u!4 &4421757425323684
Transform:
  m_GameObject: {fileID: 1371636272799601}
  m_LocalRotation: {x: -0.02846252, y: -0.02498474, z: -0.6429394, w: 0.7649801}
  m_LocalPosition: {x: -0.6149761, y: 1.341105E-07, z: -1.490116E-08}
  m_LocalScale: {x: 1, y: 1, z: 1}
  m_Children: []
  m_Father: {fileID: 4942990201547341}
  m_RootOrder: 0
  m_LocalEulerAnglesHint: {x: -0.6561239, y: 4.291168, z: 80.06721}
--- !u!1 &1075145783261466
GameObject:
  serializedVersion: 5
  m_Component:
  - component: {fileID: 4024516111859638}
  m_Layer: 0
  m_Name: Puppet_Spine
  m_TagString: Untagged
  m_Icon: {fileID: 0}
  m_NavMeshLayer: 0
  m_StaticEditorFlags: 0
  m_IsActive: 1
--- !u!4 &4024516111859638
Transform:
  m_GameObject: {fileID: 1075145783261466}
  m_LocalRotation: {x: -1.269118E-08, y: -1.554081E-07, z: -0.01678826, w: 0.9998591}
  m_LocalPosition: {x: -0.2209495, y: 0.0009529013, z: -2.434608E-08}
  m_LocalScale: {x: 0.9999998, y: 0.9999997, z: 0.9999999}
  m_Children:
  - {fileID: 4755806291541904}
  m_Father: {fileID: 4427405636166428}
  m_RootOrder: 2
  m_LocalEulerAnglesHint: {x: -1.155124E-06, y: 1.783036E-05, z: 1.923883}
--- !u!1 &1910342886441850
GameObject:
  serializedVersion: 5
  m_Component:
  - component: {fileID: 4755806291541904}
  m_Layer: 0
  m_Name: Puppet_Spine1
  m_TagString: Untagged
  m_Icon: {fileID: 0}
  m_NavMeshLayer: 0
  m_StaticEditorFlags: 0
  m_IsActive: 1
--- !u!4 &4755806291541904
Transform:
  m_GameObject: {fileID: 1910342886441850}
  m_LocalRotation: {x: -2.288572E-08, y: 1.796559E-08, z: -0.2152726, w: 0.976554}
  m_LocalPosition: {x: -0.3458407, y: -1.490116E-08, z: 9.99851E-08}
  m_LocalScale: {x: 1, y: 1, z: 1}
  m_Children:
  - {fileID: 4542340476058715}
  - {fileID: 4783630950065325}
  - {fileID: 4691352942944627}
  m_Father: {fileID: 4024516111859638}
  m_RootOrder: 0
  m_LocalEulerAnglesHint: {x: -3.004206E-06, y: -1.445882E-06, z: 24.86304}
--- !u!1 &1174029419671139
GameObject:
  serializedVersion: 5
  m_Component:
  - component: {fileID: 4542340476058715}
  m_Layer: 0
  m_Name: Puppet_L_UpperArm
  m_TagString: Untagged
  m_Icon: {fileID: 0}
  m_NavMeshLayer: 0
  m_StaticEditorFlags: 0
  m_IsActive: 1
--- !u!4 &4542340476058715
Transform:
  m_GameObject: {fileID: 1174029419671139}
  m_LocalRotation: {x: -0.2432839, y: 0.7793028, z: 0.2430553, w: 0.5238551}
  m_LocalPosition: {x: -0.240136, y: -0.01839882, z: 0.3049152}
  m_LocalScale: {x: 1, y: 1, z: 0.9999998}
  m_Children:
  - {fileID: 4223247587978430}
  m_Father: {fileID: 4755806291541904}
  m_RootOrder: 0
  m_LocalEulerAnglesHint: {x: 159.5857, y: -69.18721, z: 159.4831}
--- !u!1 &1055945363254852
GameObject:
  serializedVersion: 5
  m_Component:
  - component: {fileID: 4223247587978430}
  m_Layer: 0
  m_Name: Puppet_L_UpperArm1
  m_TagString: Untagged
  m_Icon: {fileID: 0}
  m_NavMeshLayer: 0
  m_StaticEditorFlags: 0
  m_IsActive: 1
--- !u!4 &4223247587978430
Transform:
  m_GameObject: {fileID: 1055945363254852}
  m_LocalRotation: {x: 0.01166575, y: 0.2972599, z: 0.1124159, w: 0.9480839}
  m_LocalPosition: {x: -0.3518676, y: 1.192093E-07, z: 0}
  m_LocalScale: {x: 0.9999998, y: 0.9999998, z: 0.9999998}
  m_Children:
  - {fileID: 4746971207063965}
  m_Father: {fileID: 4542340476058715}
  m_RootOrder: 0
  m_LocalEulerAnglesHint: {x: 6.168842, y: -34.12718, z: -15.41932}
--- !u!1 &1624818854300382
GameObject:
  serializedVersion: 5
  m_Component:
  - component: {fileID: 4746971207063965}
  m_Layer: 0
  m_Name: Puppet_L_Forearm
  m_TagString: Untagged
  m_Icon: {fileID: 0}
  m_NavMeshLayer: 0
  m_StaticEditorFlags: 0
  m_IsActive: 1
--- !u!4 &4746971207063965
Transform:
  m_GameObject: {fileID: 1624818854300382}
  m_LocalRotation: {x: 0.001413697, y: 0.1925581, z: -0.02578859, w: 0.9809456}
  m_LocalPosition: {x: -0.2124248, y: 0, z: -1.192093E-07}
  m_LocalScale: {x: 0.9999999, y: 0.9999999, z: 1}
  m_Children:
  - {fileID: 4122567773692553}
  m_Father: {fileID: 4223247587978430}
  m_RootOrder: 0
  m_LocalEulerAnglesHint: {x: -0.4429712, y: -22.20063, z: 3.098774}
--- !u!1 &1894448285114017
GameObject:
  serializedVersion: 5
  m_Component:
  - component: {fileID: 4122567773692553}
  m_Layer: 0
  m_Name: Puppet_L_Forearm1
  m_TagString: Untagged
  m_Icon: {fileID: 0}
  m_NavMeshLayer: 0
  m_StaticEditorFlags: 0
  m_IsActive: 1
--- !u!4 &4122567773692553
Transform:
  m_GameObject: {fileID: 1894448285114017}
  m_LocalRotation: {x: -0.0006956878, y: 0.09410682, z: -0.007549468, w: 0.9955332}
  m_LocalPosition: {x: -0.2679155, y: 0, z: 0}
  m_LocalScale: {x: 1, y: 0.9999998, z: 1}
  m_Children:
  - {fileID: 4689946740818266}
  m_Father: {fileID: 4746971207063965}
  m_RootOrder: 0
  m_LocalEulerAnglesHint: {x: -0.163675, y: -10.7989, z: 0.8844405}
--- !u!1 &1985307440031945
GameObject:
  serializedVersion: 5
  m_Component:
  - component: {fileID: 4689946740818266}
  m_Layer: 0
  m_Name: Puppet_L_Hand
  m_TagString: Untagged
  m_Icon: {fileID: 0}
  m_NavMeshLayer: 0
  m_StaticEditorFlags: 0
  m_IsActive: 1
--- !u!4 &4689946740818266
Transform:
  m_GameObject: {fileID: 1985307440031945}
  m_LocalRotation: {x: 0.7891619, y: 0.05937063, z: 0.01942276, w: 0.6110004}
  m_LocalPosition: {x: -0.295916, y: 0, z: 5.960464E-08}
  m_LocalScale: {x: 0.9999999, y: 0.9999999, z: 0.9999999}
  m_Children: []
  m_Father: {fileID: 4122567773692553}
  m_RootOrder: 0
  m_LocalEulerAnglesHint: {x: 104.6447, y: -2.401141, z: -6.750375}
--- !u!1 &1843419795570443
GameObject:
  serializedVersion: 5
  m_Component:
  - component: {fileID: 4783630950065325}
  m_Layer: 0
  m_Name: Puppet_Neck
  m_TagString: Untagged
  m_Icon: {fileID: 0}
  m_NavMeshLayer: 0
  m_StaticEditorFlags: 0
  m_IsActive: 1
--- !u!4 &4783630950065325
Transform:
  m_GameObject: {fileID: 1843419795570443}
  m_LocalRotation: {x: -2.238154E-08, y: 1.0222E-07, z: 0.05048694, w: 0.9987248}
  m_LocalPosition: {x: -0.3194587, y: 0.01832217, z: -3.32841E-09}
  m_LocalScale: {x: 1, y: 1, z: 1}
  m_Children:
  - {fileID: 4786353043547585}
  m_Father: {fileID: 4755806291541904}
  m_RootOrder: 1
  m_LocalEulerAnglesHint: {x: -1.970084E-06, y: -1.182809E-05, z: -5.787838}
--- !u!1 &1176236529924040
GameObject:
  serializedVersion: 5
  m_Component:
  - component: {fileID: 4786353043547585}
  m_Layer: 0
  m_Name: Puppet_Head
  m_TagString: Untagged
  m_Icon: {fileID: 0}
  m_NavMeshLayer: 0
  m_StaticEditorFlags: 0
  m_IsActive: 1
--- !u!4 &4786353043547585
Transform:
  m_GameObject: {fileID: 1176236529924040}
  m_LocalRotation: {x: -4.94549E-09, y: -7.118334E-08, z: 0.1711506, w: 0.9852449}
  m_LocalPosition: {x: -0.1887691, y: 0, z: -4.989204E-09}
  m_LocalScale: {x: 0.9999998, y: 0.9999999, z: 0.9999999}
  m_Children:
  - {fileID: 4210261259085215}
  m_Father: {fileID: 4783630950065325}
  m_RootOrder: 0
  m_LocalEulerAnglesHint: {x: -1.954427E-06, y: 7.93966E-06, z: -19.70945}
--- !u!1 &1002675564818063
GameObject:
  serializedVersion: 5
  m_Component:
  - component: {fileID: 4210261259085215}
  m_Layer: 0
  m_Name: Puppet_Ponytail1
  m_TagString: Untagged
  m_Icon: {fileID: 0}
  m_NavMeshLayer: 0
  m_StaticEditorFlags: 0
  m_IsActive: 1
--- !u!4 &4210261259085215
Transform:
  m_GameObject: {fileID: 1002675564818063}
  m_LocalRotation: {x: -3.339868E-09, y: 2.113212E-07, z: 0.4226183, w: 0.9063078}
  m_LocalPosition: {x: -0.5832698, y: -0.03625043, z: 3.345953E-08}
  m_LocalScale: {x: 1, y: 0.9999999, z: 1}
  m_Children:
  - {fileID: 4431460610859777}
  m_Father: {fileID: 4786353043547585}
  m_RootOrder: 0
  m_LocalEulerAnglesHint: {x: 9.887101E-06, y: -2.210855E-05, z: -50}
--- !u!1 &1696818611514474
GameObject:
  serializedVersion: 5
  m_Component:
  - component: {fileID: 4431460610859777}
  m_Layer: 0
  m_Name: Puppet_Ponytail2
  m_TagString: Untagged
  m_Icon: {fileID: 0}
  m_NavMeshLayer: 0
  m_StaticEditorFlags: 0
  m_IsActive: 1
--- !u!4 &4431460610859777
Transform:
  m_GameObject: {fileID: 1696818611514474}
  m_LocalRotation: {x: -1.487836E-07, y: -1.214619E-07, z: 0.7190444, w: 0.6949642}
  m_LocalPosition: {x: -0.3052171, y: 2.384186E-07, z: -1.150553E-07}
  m_LocalScale: {x: 1, y: 1, z: 1}
  m_Children:
  - {fileID: 4497239509048858}
  m_Father: {fileID: 4210261259085215}
  m_RootOrder: 0
  m_LocalEulerAnglesHint: {x: -2.185671E-05, y: -2.586369E-06, z: -91.95128}
--- !u!1 &1068457019271518
GameObject:
  serializedVersion: 5
  m_Component:
  - component: {fileID: 4497239509048858}
  m_Layer: 0
  m_Name: Puppet_Ponytail3
  m_TagString: Untagged
  m_Icon: {fileID: 0}
  m_NavMeshLayer: 0
  m_StaticEditorFlags: 0
  m_IsActive: 1
--- !u!4 &4497239509048858
Transform:
  m_GameObject: {fileID: 1068457019271518}
  m_LocalRotation: {x: 8.771257E-08, y: 2.143351E-08, z: 0.2164395, w: 0.9762961}
  m_LocalPosition: {x: -0.5317566, y: 0, z: 2.978466E-08}
  m_LocalScale: {x: 1.000001, y: 1, z: 1}
  m_Children: []
  m_Father: {fileID: 4431460610859777}
  m_RootOrder: 0
  m_LocalEulerAnglesHint: {x: 1.034447E-05, y: -2.224204E-07, z: -24.99999}
--- !u!1 &1510535227268431
GameObject:
  serializedVersion: 5
  m_Component:
  - component: {fileID: 4691352942944627}
  m_Layer: 0
  m_Name: Puppet_R_UpperArm
  m_TagString: Untagged
  m_Icon: {fileID: 0}
  m_NavMeshLayer: 0
  m_StaticEditorFlags: 0
  m_IsActive: 1
--- !u!4 &4691352942944627
Transform:
  m_GameObject: {fileID: 1510535227268431}
  m_LocalRotation: {x: 0.5238889, y: 0.2418462, z: 0.7800311, w: -0.2420791}
  m_LocalPosition: {x: -0.2401364, y: -0.0183987, z: -0.3066183}
  m_LocalScale: {x: 1, y: 1, z: 1}
  m_Children:
  - {fileID: 4266216261562745}
  m_Father: {fileID: 4755806291541904}
  m_RootOrder: 2
  m_LocalEulerAnglesHint: {x: 20.30936, y: 69.12999, z: 159.5864}
--- !u!1 &1587957177291931
GameObject:
  serializedVersion: 5
  m_Component:
  - component: {fileID: 4266216261562745}
  m_Layer: 0
  m_Name: Puppet_R_UpperArm1
  m_TagString: Untagged
  m_Icon: {fileID: 0}
  m_NavMeshLayer: 0
  m_StaticEditorFlags: 0
  m_IsActive: 1
--- !u!4 &4266216261562745
Transform:
  m_GameObject: {fileID: 1587957177291931}
  m_LocalRotation: {x: -0.009632022, y: 0.3003459, z: -0.1132174, w: 0.9470382}
  m_LocalPosition: {x: -0.3497697, y: 5.960464E-08, z: 0}
  m_LocalScale: {x: 1, y: 0.9999999, z: 0.9999999}
  m_Children:
  - {fileID: 4786578296535828}
  m_Father: {fileID: 4691352942944627}
  m_RootOrder: 0
  m_LocalEulerAnglesHint: {x: -6.009007, y: -34.52023, z: 15.50314}
--- !u!1 &1557531217438174
GameObject:
  serializedVersion: 5
  m_Component:
  - component: {fileID: 4786578296535828}
  m_Layer: 0
  m_Name: Puppet_R_Forearm
  m_TagString: Untagged
  m_Icon: {fileID: 0}
  m_NavMeshLayer: 0
  m_StaticEditorFlags: 0
  m_IsActive: 1
--- !u!4 &4786578296535828
Transform:
  m_GameObject: {fileID: 1557531217438174}
  m_LocalRotation: {x: -0.001684445, y: 0.1896225, z: 0.02734366, w: 0.9814748}
  m_LocalPosition: {x: -0.2109379, y: -2.980232E-08, z: -1.192093E-07}
  m_LocalScale: {x: 0.9999999, y: 1, z: 0.9999999}
  m_Children:
  - {fileID: 4029254669620626}
  m_Father: {fileID: 4266216261562745}
  m_RootOrder: 0
  m_LocalEulerAnglesHint: {x: 0.4360598, y: -21.85824, z: -3.275871}
--- !u!1 &1215711979903094
GameObject:
  serializedVersion: 5
  m_Component:
  - component: {fileID: 4029254669620626}
  m_Layer: 0
  m_Name: Puppet_R_Forearm1
  m_TagString: Untagged
  m_Icon: {fileID: 0}
  m_NavMeshLayer: 0
  m_StaticEditorFlags: 0
  m_IsActive: 1
--- !u!4 &4029254669620626
Transform:
  m_GameObject: {fileID: 1215711979903094}
  m_LocalRotation: {x: 0.001068394, y: 0.08647805, z: 0.009177181, w: 0.9962109}
  m_LocalPosition: {x: -0.2679746, y: -2.980232E-08, z: 0}
  m_LocalScale: {x: 1, y: 1, z: 1}
  m_Children:
  - {fileID: 4789299104057665}
  m_Father: {fileID: 4786578296535828}
  m_RootOrder: 0
  m_LocalEulerAnglesHint: {x: 0.21614, y: -9.920477, z: -1.074356}
--- !u!1 &1923999023294628
GameObject:
  serializedVersion: 5
  m_Component:
  - component: {fileID: 4789299104057665}
  m_Layer: 0
  m_Name: Puppet_R_Hand
  m_TagString: Untagged
  m_Icon: {fileID: 0}
  m_NavMeshLayer: 0
  m_StaticEditorFlags: 0
  m_IsActive: 1
--- !u!4 &4789299104057665
Transform:
  m_GameObject: {fileID: 1923999023294628}
  m_LocalRotation: {x: 0.6098634, y: -0.0150023, z: -0.06531469, w: 0.789668}
  m_LocalPosition: {x: -0.2968485, y: 0, z: 0}
  m_LocalScale: {x: 1, y: 1, z: 1}
  m_Children: []
  m_Father: {fileID: 4029254669620626}
  m_RootOrder: 0
  m_LocalEulerAnglesHint: {x: 75.16214, y: -3.208659, z: 6.986948}
--- !u!1 &1933383104682680
GameObject:
  serializedVersion: 5
  m_Component:
  - component: {fileID: 4854198003136575}
  m_Layer: 0
  m_Name: Puppet_Root
  m_TagString: Untagged
  m_Icon: {fileID: 0}
  m_NavMeshLayer: 0
  m_StaticEditorFlags: 0
  m_IsActive: 1
--- !u!4 &4854198003136575
Transform:
  m_GameObject: {fileID: 1933383104682680}
  m_LocalRotation: {x: -0.7071068, y: 0, z: 0, w: 0.7071068}
  m_LocalPosition: {x: 0, y: 0, z: 0}
  m_LocalScale: {x: 1, y: 1, z: 1}
  m_Children: []
  m_Father: {fileID: 4651197112852788}
  m_RootOrder: 3
  m_LocalEulerAnglesHint: {x: -90, y: 0, z: 0}
