%YAML 1.1
%TAG !u! tag:unity3d.com,2011:
--- !u!1001 &100100000
Prefab:
  serializedVersion: 2
  m_Modification:
    m_TransformParent: {fileID: 0}
    m_Modifications: []
    m_RemovedComponents: []
  m_ParentPrefab: {fileID: 0}
  m_RootGameObject: {fileID: 1889814423810014}
  m_IsPrefabParent: 1
--- !u!1 &1889814423810014
GameObject:
  serializedVersion: 5
  m_Component:
  - component: {fileID: 4933137424767667}
  - component: {fileID: 111826786025252354}
  - component: {fileID: 114136352973429598}
  - component: {fileID: 82360691423533558}
  - component: {fileID: 114646701329411525}
  - component: {fileID: 114895242342176295}
  m_Layer: 0
  m_Name: low_DjiniGhost
  m_TagString: Untagged
  m_Icon: {fileID: 0}
  m_NavMeshLayer: 0
  m_StaticEditorFlags: 0
  m_IsActive: 1
--- !u!4 &4933137424767667
Transform:
  m_GameObject: {fileID: 1889814423810014}
  m_LocalRotation: {x: 0, y: 0, z: 0, w: 1}
  m_LocalPosition: {x: 0, y: 0, z: 0}
  m_LocalScale: {x: 1, y: 1, z: 1}
  m_Children:
  - {fileID: 4633431652349136}
  - {fileID: 4829103921696558}
  - {fileID: 4673954795747365}
  - {fileID: 4623041454300194}
  - {fileID: 4009926634416486}
  m_Father: {fileID: 0}
  m_RootOrder: 0
  m_LocalEulerAnglesHint: {x: 0, y: 0, z: 0}
--- !u!111 &111826786025252354
Animation:
  m_GameObject: {fileID: 1889814423810014}
  m_Enabled: 1
  serializedVersion: 3
  m_Animation: {fileID: 0}
  m_Animations:
  - {fileID: 7400000, guid: 966797a5d3dd6e04e9ed0b0a27957a9e, type: 2}
  - {fileID: 7400000, guid: 8ae9ba6b108220940a08ae2dc302731a, type: 2}
  - {fileID: 7400000, guid: 316eb1bea4764dd468c42b22089931c9, type: 2}
  - {fileID: 7400000, guid: e84bef836c2ecd54da4577a9ef1eaf8f, type: 2}
  - {fileID: 7400000, guid: 2e0c4e004a66bb84aaee5942cf107dc0, type: 2}
  - {fileID: 7400000, guid: 9a239176375c85f40a4f4f846f435f4c, type: 2}
  - {fileID: 7400000, guid: d57db057cb8641d42a36f78cfdbc042b, type: 2}
  - {fileID: 7400000, guid: 11cc4faff5e3e1c4ebc0e5ebf0cff9ed, type: 2}
  m_WrapMode: 0
  m_PlayAutomatically: 0
  m_AnimatePhysics: 0
  m_CullingType: 1
--- !u!114 &114136352973429598
MonoBehaviour:
  m_GameObject: {fileID: 1889814423810014}
  m_Enabled: 1
  m_EditorHideFlags: 0
  m_Script: {fileID: 11500000, guid: 203ebd45b8aad6940846389310fb33f6, type: 3}
  m_Name:
  m_EditorClassIdentifier:
  SpawnEffect: {fileID: 0}
  SpawnAudio: {fileID: 8300000, guid: b291789bc8c47f84e9173578a7389079, type: 3}
  SpawnAudioDelaySecs: 0
  Intro: BlueberryDjini_Intro
  Idle: BlueberryDjini_Idle
  IntroLength: 2.5
  hpBar: {fileID: 0}
--- !u!82 &82360691423533558
AudioSource:
  m_GameObject: {fileID: 1889814423810014}
  m_Enabled: 1
  serializedVersion: 4
  OutputAudioMixerGroup: {fileID: 0}
  m_audioClip: {fileID: 0}
  m_PlayOnAwake: 0
  m_Volume: 1
  m_Pitch: 1
  Loop: 0
  Mute: 0
  Spatialize: 0
  SpatializePostEffects: 0
  Priority: 128
  DopplerLevel: 1
  MinDistance: 1
  MaxDistance: 500
  Pan2D: 0
  rolloffMode: 2
  BypassEffects: 0
  BypassListenerEffects: 0
  BypassReverbZones: 0
  rolloffCustomCurve:
    serializedVersion: 2
    m_Curve:
    - serializedVersion: 2
      time: 0
      value: 1
      inSlope: 0
      outSlope: 0
      tangentMode: 0
    - serializedVersion: 2
      time: 1
      value: 1
      inSlope: 0
      outSlope: 0
      tangentMode: 0
    m_PreInfinity: 2
    m_PostInfinity: 2
    m_RotationOrder: 0
  panLevelCustomCurve:
    serializedVersion: 2
    m_Curve:
    - serializedVersion: 2
      time: 0
      value: 0
      inSlope: 0
      outSlope: 0
      tangentMode: 0
    m_PreInfinity: 2
    m_PostInfinity: 2
    m_RotationOrder: 0
  spreadCustomCurve:
    serializedVersion: 2
    m_Curve:
    - serializedVersion: 2
      time: 0
      value: 0
      inSlope: 0
      outSlope: 0
      tangentMode: 0
    m_PreInfinity: 2
    m_PostInfinity: 2
    m_RotationOrder: 0
  reverbZoneMixCustomCurve:
    serializedVersion: 2
    m_Curve:
    - serializedVersion: 2
      time: 0
      value: 1
      inSlope: 0
      outSlope: 0
      tangentMode: 0
    m_PreInfinity: 2
    m_PostInfinity: 2
    m_RotationOrder: 0
--- !u!114 &114646701329411525
MonoBehaviour:
  m_GameObject: {fileID: 1889814423810014}
  m_Enabled: 1
  m_EditorHideFlags: 0
  m_Script: {fileID: 11500000, guid: 816f303b97b032a4d9e1a96b34158d44, type: 3}
  m_Name:
  m_EditorClassIdentifier:
  Tombstone: {fileID: 0}
  Timer: 0
  Idle:
  RemoveTombstone: 0
  DamageDealt: 0
  Flooped: 0
  Crash: 0
--- !u!114 &114895242342176295
MonoBehaviour:
  m_GameObject: {fileID: 1889814423810014}
  m_Enabled: 1
  m_EditorHideFlags: 0
  m_Script: {fileID: 11500000, guid: 9390b1f887e33a34caef2ef05f3f87a5, type: 3}
  m_Name:
  m_EditorClassIdentifier:
  animTarget: {fileID: 0}
  animName:
--- !u!1 &1251907266490211
GameObject:
  serializedVersion: 5
  m_Component:
  - component: {fileID: 4633431652349136}
  - component: {fileID: 137997068170919213}
  m_Layer: 0
  m_Name: BlueberryDjini
  m_TagString: Untagged
  m_Icon: {fileID: 0}
  m_NavMeshLayer: 0
  m_StaticEditorFlags: 0
  m_IsActive: 1
--- !u!4 &4633431652349136
Transform:
  m_GameObject: {fileID: 1251907266490211}
  m_LocalRotation: {x: -0.7071068, y: 0, z: 0, w: 0.7071068}
  m_LocalPosition: {x: -0.004755923, y: 3.543137, z: -0.2079079}
  m_LocalScale: {x: 1, y: 1, z: 1}
  m_Children: []
  m_Father: {fileID: 4933137424767667}
  m_RootOrder: 0
  m_LocalEulerAnglesHint: {x: -90, y: 0, z: 0}
--- !u!137 &137997068170919213
SkinnedMeshRenderer:
  m_GameObject: {fileID: 1251907266490211}
  m_Enabled: 1
  m_CastShadows: 1
  m_ReceiveShadows: 1
  m_DynamicOccludee: 1
  m_MotionVectors: 1
  m_LightProbeUsage: 0
  m_ReflectionProbeUsage: 1
  m_Materials:
  - {fileID: 2100000, guid: b60075d966b98fc46bf0fa73b3836f4d, type: 2}
  - {fileID: 2100000, guid: b60075d966b98fc46bf0fa73b3836f4d, type: 2}
  m_StaticBatchInfo:
    firstSubMesh: 0
    subMeshCount: 0
  m_StaticBatchRoot: {fileID: 0}
  m_ProbeAnchor: {fileID: 0}
  m_LightProbeVolumeOverride: {fileID: 0}
  m_ScaleInLightmap: 1
  m_PreserveUVs: 0
  m_IgnoreNormalsForChartDetection: 0
  m_ImportantGI: 0
  m_StitchLightmapSeams: 0
  m_SelectedEditorRenderState: 3
  m_MinimumChartSize: 4
  m_AutoUVMaxDistance: 0.5
  m_AutoUVMaxAngle: 89
  m_LightmapParameters: {fileID: 0}
  m_SortingLayerID: 0
  m_SortingLayer: 0
  m_SortingOrder: 0
  serializedVersion: 2
  m_Quality: 0
  m_UpdateWhenOffscreen: 0
  m_skinnedMotionVectors: 0
  m_Mesh: {fileID: 4300000, guid: e051dbc11b92c8b47a44f2e08849ac52, type: 2}
  m_Bones:
  - {fileID: 4624279393101818}
  - {fileID: 4599568166613027}
  - {fileID: 4533184321617086}
  - {fileID: 4569866038291304}
  - {fileID: 4198646116960570}
  - {fileID: 4659209338905075}
  - {fileID: 4588304062961722}
  - {fileID: 4076321371443463}
  - {fileID: 4042009483922640}
  - {fileID: 4004113356791514}
  - {fileID: 4600363571701493}
  - {fileID: 4508169965786614}
  - {fileID: 4511476285254644}
  - {fileID: 4498980877993473}
  - {fileID: 4267868101212426}
  - {fileID: 4280038978947399}
  - {fileID: 4495423675581567}
  - {fileID: 4201230118186855}
  - {fileID: 4331698010514211}
  - {fileID: 4881956195748419}
  - {fileID: 4458782457009328}
  m_BlendShapeWeights: []
  m_RootBone: {fileID: 4624279393101818}
  m_AABB:
    m_Center: {x: -14.7435, y: -0.09936714, z: -11.74773}
    m_Extent: {x: 37.9323, y: 28.36241, z: 90.45639}
  m_DirtyAABB: 0
--- !u!1 &1409382856878297
GameObject:
  serializedVersion: 5
  m_Component:
  - component: {fileID: 4829103921696558}
  - component: {fileID: 137806546850292598}
  m_Layer: 0
  m_Name: BlueberryDjini_Outline
  m_TagString: Untagged
  m_Icon: {fileID: 0}
  m_NavMeshLayer: 0
  m_StaticEditorFlags: 0
  m_IsActive: 1
--- !u!4 &4829103921696558
Transform:
  m_GameObject: {fileID: 1409382856878297}
  m_LocalRotation: {x: -0.7071068, y: 0, z: 0, w: 0.7071068}
  m_LocalPosition: {x: -0.004755923, y: 3.543137, z: -0.2079079}
  m_LocalScale: {x: 1, y: 1, z: 1}
  m_Children: []
  m_Father: {fileID: 4933137424767667}
  m_RootOrder: 1
  m_LocalEulerAnglesHint: {x: -90, y: 0, z: 0}
--- !u!137 &137806546850292598
SkinnedMeshRenderer:
  m_GameObject: {fileID: 1409382856878297}
  m_Enabled: 1
  m_CastShadows: 1
  m_ReceiveShadows: 1
  m_DynamicOccludee: 1
  m_MotionVectors: 1
  m_LightProbeUsage: 0
  m_ReflectionProbeUsage: 1
  m_Materials:
  - {fileID: 2100000, guid: b60075d966b98fc46bf0fa73b3836f4d, type: 2}
  - {fileID: 2100000, guid: b60075d966b98fc46bf0fa73b3836f4d, type: 2}
  m_StaticBatchInfo:
    firstSubMesh: 0
    subMeshCount: 0
  m_StaticBatchRoot: {fileID: 0}
  m_ProbeAnchor: {fileID: 0}
  m_LightProbeVolumeOverride: {fileID: 0}
  m_ScaleInLightmap: 1
  m_PreserveUVs: 0
  m_IgnoreNormalsForChartDetection: 0
  m_ImportantGI: 0
  m_StitchLightmapSeams: 0
  m_SelectedEditorRenderState: 3
  m_MinimumChartSize: 4
  m_AutoUVMaxDistance: 0.5
  m_AutoUVMaxAngle: 89
  m_LightmapParameters: {fileID: 0}
  m_SortingLayerID: 0
  m_SortingLayer: 0
  m_SortingOrder: 0
  serializedVersion: 2
  m_Quality: 0
  m_UpdateWhenOffscreen: 0
  m_skinnedMotionVectors: 0
  m_Mesh: {fileID: 4300000, guid: c2c05937f189bed42a1b42ba9552d071, type: 2}
  m_Bones:
  - {fileID: 4624279393101818}
  - {fileID: 4599568166613027}
  - {fileID: 4533184321617086}
  - {fileID: 4569866038291304}
  - {fileID: 4198646116960570}
  - {fileID: 4659209338905075}
  - {fileID: 4588304062961722}
  - {fileID: 4076321371443463}
  - {fileID: 4004113356791514}
  - {fileID: 4042009483922640}
  - {fileID: 4600363571701493}
  - {fileID: 4508169965786614}
  - {fileID: 4511476285254644}
  - {fileID: 4498980877993473}
  - {fileID: 4267868101212426}
  - {fileID: 4280038978947399}
  - {fileID: 4495423675581567}
  - {fileID: 4201230118186855}
  - {fileID: 4331698010514211}
  - {fileID: 4881956195748419}
  - {fileID: 4458782457009328}
  m_BlendShapeWeights: []
  m_RootBone: {fileID: 4624279393101818}
  m_AABB:
    m_Center: {x: -14.7435, y: -0.09936428, z: -11.79069}
    m_Extent: {x: 39.43231, y: 29.82462, z: 91.90945}
  m_DirtyAABB: 0
--- !u!1 &1496121088330618
GameObject:
  serializedVersion: 5
  m_Component:
  - component: {fileID: 4673954795747365}
  - component: {fileID: 137874008980267344}
  m_Layer: 0
  m_Name: BlueberryDjini_Smoke
  m_TagString: Untagged
  m_Icon: {fileID: 0}
  m_NavMeshLayer: 0
  m_StaticEditorFlags: 0
  m_IsActive: 1
--- !u!4 &4673954795747365
Transform:
  m_GameObject: {fileID: 1496121088330618}
  m_LocalRotation: {x: -0.7071068, y: 0, z: 0, w: 0.7071068}
  m_LocalPosition: {x: -2.052336, y: 2.49709, z: -0.1550705}
  m_LocalScale: {x: 1, y: 1, z: 1}
  m_Children: []
  m_Father: {fileID: 4933137424767667}
  m_RootOrder: 2
  m_LocalEulerAnglesHint: {x: -90, y: 0, z: 0}
--- !u!137 &137874008980267344
SkinnedMeshRenderer:
  m_GameObject: {fileID: 1496121088330618}
  m_Enabled: 1
  m_CastShadows: 1
  m_ReceiveShadows: 1
  m_DynamicOccludee: 1
  m_MotionVectors: 1
  m_LightProbeUsage: 0
  m_ReflectionProbeUsage: 1
  m_Materials:
  - {fileID: 2100000, guid: b60075d966b98fc46bf0fa73b3836f4d, type: 2}
  m_StaticBatchInfo:
    firstSubMesh: 0
    subMeshCount: 0
  m_StaticBatchRoot: {fileID: 0}
  m_ProbeAnchor: {fileID: 0}
  m_LightProbeVolumeOverride: {fileID: 0}
  m_ScaleInLightmap: 1
  m_PreserveUVs: 0
  m_IgnoreNormalsForChartDetection: 0
  m_ImportantGI: 0
  m_StitchLightmapSeams: 0
  m_SelectedEditorRenderState: 3
  m_MinimumChartSize: 4
  m_AutoUVMaxDistance: 0.5
  m_AutoUVMaxAngle: 89
  m_LightmapParameters: {fileID: 0}
  m_SortingLayerID: 0
  m_SortingLayer: 0
  m_SortingOrder: 0
  serializedVersion: 2
  m_Quality: 0
  m_UpdateWhenOffscreen: 0
  m_skinnedMotionVectors: 0
  m_Mesh: {fileID: 4300000, guid: 0f3b1b73358d42d49862e13e290e1d4e, type: 2}
  m_Bones:
  - {fileID: 4435008068994146}
  - {fileID: 4525930827964981}
  - {fileID: 4072268935425319}
  - {fileID: 4608365143266503}
  - {fileID: 4590665273414069}
  - {fileID: 4265277873083480}
  - {fileID: 4303428869421442}
  m_BlendShapeWeights: []
  m_RootBone: {fileID: 4303428869421442}
  m_AABB:
    m_Center: {x: 1.886328, y: 0.01601647, z: -0.4652815}
    m_Extent: {x: 2.440268, y: 0.3375732, z: 0.7407802}
  m_DirtyAABB: 0
--- !u!1 &1830658037106220
GameObject:
  serializedVersion: 5
  m_Component:
  - component: {fileID: 4623041454300194}
  m_Layer: 0
  m_Name: Puppet_Global
  m_TagString: Untagged
  m_Icon: {fileID: 0}
  m_NavMeshLayer: 0
  m_StaticEditorFlags: 0
  m_IsActive: 1
--- !u!4 &4623041454300194
Transform:
  m_GameObject: {fileID: 1830658037106220}
  m_LocalRotation: {x: -0.4975543, y: 0.5025076, z: 0.5024316, w: -0.497482}
  m_LocalPosition: {x: 0, y: 2.891475, z: -0.1620915}
  m_LocalScale: {x: 1, y: 0.9999999, z: 0.9999999}
  m_Children:
  - {fileID: 4588304062961722}
  - {fileID: 4659209338905075}
  - {fileID: 4198646116960570}
  - {fileID: 4569866038291304}
  - {fileID: 4533184321617086}
  - {fileID: 4435008068994146}
  - {fileID: 4525930827964981}
  - {fileID: 4072268935425319}
  - {fileID: 4608365143266503}
  - {fileID: 4590665273414069}
  - {fileID: 4265277873083480}
  - {fileID: 4303428869421442}
  - {fileID: 4508169965786614}
  - {fileID: 4624279393101818}
  m_Father: {fileID: 4933137424767667}
  m_RootOrder: 3
  m_LocalEulerAnglesHint: {x: 90.00849, y: 0.0001662639, z: 90.5674}
--- !u!1 &1757176225558904
GameObject:
  serializedVersion: 5
  m_Component:
  - component: {fileID: 4588304062961722}
  m_Layer: 0
  m_Name: Puppet_BodySmoke01
  m_TagString: Untagged
  m_Icon: {fileID: 0}
  m_NavMeshLayer: 0
  m_StaticEditorFlags: 0
  m_IsActive: 1
--- !u!4 &4588304062961722
Transform:
  m_GameObject: {fileID: 1757176225558904}
  m_LocalRotation: {x: -7.738378E-05, y: 0.004951435, z: -1.249578E-08, w: 0.9999878}
  m_LocalPosition: {x: 3.482317, y: 0.01230204, z: 2.027858}
  m_LocalScale: {x: 0.00999999, y: 0.00999999, z: 0.009999992}
  m_Children: []
  m_Father: {fileID: 4623041454300194}
  m_RootOrder: 0
  m_LocalEulerAnglesHint: {x: -0.008867861, y: -0.5673949, z: 4.53411E-05}
--- !u!1 &1049713799605597
GameObject:
  serializedVersion: 5
  m_Component:
  - component: {fileID: 4659209338905075}
  m_Layer: 0
  m_Name: Puppet_BodySmoke02
  m_TagString: Untagged
  m_Icon: {fileID: 0}
  m_NavMeshLayer: 0
  m_StaticEditorFlags: 0
  m_IsActive: 1
--- !u!4 &4659209338905075
Transform:
  m_GameObject: {fileID: 1049713799605597}
  m_LocalRotation: {x: -7.726458E-05, y: 0.004951435, z: -1.308602E-08, w: 0.9999878}
  m_LocalPosition: {x: 3.507756, y: 0.01230203, z: 2.027606}
  m_LocalScale: {x: 0.00999999, y: 0.00999999, z: 0.009999992}
  m_Children: []
  m_Father: {fileID: 4623041454300194}
  m_RootOrder: 1
  m_LocalEulerAnglesHint: {x: -0.008854201, y: -0.5673949, z: 4.53411E-05}
--- !u!1 &1619365125754973
GameObject:
  serializedVersion: 5
  m_Component:
  - component: {fileID: 4198646116960570}
  m_Layer: 0
  m_Name: Puppet_BodySmoke03
  m_TagString: Untagged
  m_Icon: {fileID: 0}
  m_NavMeshLayer: 0
  m_StaticEditorFlags: 0
  m_IsActive: 1
--- !u!4 &4198646116960570
Transform:
  m_GameObject: {fileID: 1619365125754973}
  m_LocalRotation: {x: -7.738378E-05, y: 0.004951435, z: -1.249578E-08, w: 0.9999878}
  m_LocalPosition: {x: 3.482317, y: 0.01230205, z: 2.027858}
  m_LocalScale: {x: 0.00999999, y: 0.00999999, z: 0.009999992}
  m_Children: []
  m_Father: {fileID: 4623041454300194}
  m_RootOrder: 2
  m_LocalEulerAnglesHint: {x: -0.008867861, y: -0.5673949, z: 4.53411E-05}
--- !u!1 &1911755005252996
GameObject:
  serializedVersion: 5
  m_Component:
  - component: {fileID: 4569866038291304}
  m_Layer: 0
  m_Name: Puppet_BodySmoke04
  m_TagString: Untagged
  m_Icon: {fileID: 0}
  m_NavMeshLayer: 0
  m_StaticEditorFlags: 0
  m_IsActive: 1
--- !u!4 &4569866038291304
Transform:
  m_GameObject: {fileID: 1911755005252996}
  m_LocalRotation: {x: -7.738378E-05, y: 0.004951435, z: -1.249578E-08, w: 0.9999878}
  m_LocalPosition: {x: 3.482317, y: 0.01230204, z: 2.027858}
  m_LocalScale: {x: 0.00999999, y: 0.00999999, z: 0.009999992}
  m_Children: []
  m_Father: {fileID: 4623041454300194}
  m_RootOrder: 3
  m_LocalEulerAnglesHint: {x: -0.008867861, y: -0.5673949, z: 4.53411E-05}
--- !u!1 &1249347038266122
GameObject:
  serializedVersion: 5
  m_Component:
  - component: {fileID: 4533184321617086}
  m_Layer: 0
  m_Name: Puppet_BodySmoke05
  m_TagString: Untagged
  m_Icon: {fileID: 0}
  m_NavMeshLayer: 0
  m_StaticEditorFlags: 0
  m_IsActive: 1
--- !u!4 &4533184321617086
Transform:
  m_GameObject: {fileID: 1249347038266122}
  m_LocalRotation: {x: -7.738378E-05, y: 0.004951435, z: -1.249578E-08, w: 0.9999878}
  m_LocalPosition: {x: 3.482302, y: 0.01229821, z: 2.027858}
  m_LocalScale: {x: 0.00999999, y: 0.00999999, z: 0.009999992}
  m_Children: []
  m_Father: {fileID: 4623041454300194}
  m_RootOrder: 4
  m_LocalEulerAnglesHint: {x: -0.008867861, y: -0.5673949, z: 4.53411E-05}
--- !u!1 &1655377238124711
GameObject:
  serializedVersion: 5
  m_Component:
  - component: {fileID: 4435008068994146}
  m_Layer: 0
  m_Name: Puppet_InitialSmoke01
  m_TagString: Untagged
  m_Icon: {fileID: 0}
  m_NavMeshLayer: 0
  m_StaticEditorFlags: 0
  m_IsActive: 1
--- !u!4 &4435008068994146
Transform:
  m_GameObject: {fileID: 1655377238124711}
  m_LocalRotation: {x: -4.64925E-05, y: 0.004951723, z: 0.006328465, w: 0.9999678}
  m_LocalPosition: {x: 3.448104, y: 0.0122665, z: 1.798011}
  m_LocalScale: {x: 0.009999991, y: 0.009999991, z: 0.009999992}
  m_Children: []
  m_Father: {fileID: 4623041454300194}
  m_RootOrder: 5
  m_LocalEulerAnglesHint: {x: -0.001736627, y: -0.5674503, z: -0.7251938}
--- !u!1 &1825993018929199
GameObject:
  serializedVersion: 5
  m_Component:
  - component: {fileID: 4525930827964981}
  m_Layer: 0
  m_Name: Puppet_InitialSmoke02
  m_TagString: Untagged
  m_Icon: {fileID: 0}
  m_NavMeshLayer: 0
  m_StaticEditorFlags: 0
  m_IsActive: 1
--- !u!4 &4525930827964981
Transform:
  m_GameObject: {fileID: 1825993018929199}
  m_LocalRotation: {x: -7.750293E-05, y: 0.00495145, z: 1.131788E-09, w: 0.9999878}
  m_LocalPosition: {x: 3.441341, y: 0.01226649, z: 1.798078}
  m_LocalScale: {x: 0.009999999, y: 0.01, z: 0.01}
  m_Children: []
  m_Father: {fileID: 4623041454300194}
  m_RootOrder: 6
  m_LocalEulerAnglesHint: {x: -0.008881507, y: -0.5673967, z: 4.384718E-05}
--- !u!1 &1266254914565802
GameObject:
  serializedVersion: 5
  m_Component:
  - component: {fileID: 4072268935425319}
  m_Layer: 0
  m_Name: Puppet_InitialSmoke03
  m_TagString: Untagged
  m_Icon: {fileID: 0}
  m_NavMeshLayer: 0
  m_StaticEditorFlags: 0
  m_IsActive: 1
--- !u!4 &4072268935425319
Transform:
  m_GameObject: {fileID: 1266254914565802}
  m_LocalRotation: {x: -7.749618E-05, y: -0.05407133, z: 4.536799E-06, w: 0.9985371}
  m_LocalPosition: {x: 3.434787, y: 0.0122666, z: 1.798859}
  m_LocalScale: {x: 0.009999998, y: 0.009999997, z: 0.01}
  m_Children: []
  m_Father: {fileID: 4623041454300194}
  m_RootOrder: 7
  m_LocalEulerAnglesHint: {x: -0.008947849, y: 6.199142, z: -0.001005172}
--- !u!1 &1646274829075165
GameObject:
  serializedVersion: 5
  m_Component:
  - component: {fileID: 4608365143266503}
  m_Layer: 0
  m_Name: Puppet_InitialSmoke04
  m_TagString: Untagged
  m_Icon: {fileID: 0}
  m_NavMeshLayer: 0
  m_StaticEditorFlags: 0
  m_IsActive: 1
--- !u!4 &4608365143266503
Transform:
  m_GameObject: {fileID: 1646274829075165}
  m_LocalRotation: {x: 0.0001439197, y: -0.07072733, z: -0.003120549, w: 0.9974908}
  m_LocalPosition: {x: 3.428174, y: 0.01226664, z: 1.799017}
  m_LocalScale: {x: 0.01, y: 0.01, z: 0.01}
  m_Children: []
  m_Father: {fileID: 4623041454300194}
  m_RootOrder: 8
  m_LocalEulerAnglesHint: {x: 0.04216371, y: 8.111435, z: 0.3614765}
--- !u!1 &1147309436136975
GameObject:
  serializedVersion: 5
  m_Component:
  - component: {fileID: 4590665273414069}
  m_Layer: 0
  m_Name: Puppet_InitialSmoke05
  m_TagString: Untagged
  m_Icon: {fileID: 0}
  m_NavMeshLayer: 0
  m_StaticEditorFlags: 0
  m_IsActive: 1
--- !u!4 &4590665273414069
Transform:
  m_GameObject: {fileID: 1147309436136975}
  m_LocalRotation: {x: -7.70011E-05, y: -0.1180141, z: 9.544463E-06, w: 0.993012}
  m_LocalPosition: {x: 3.419574, y: 0.01226677, z: 1.799965}
  m_LocalScale: {x: 0.009999998, y: 0.009999998, z: 0.01}
  m_Children: []
  m_Father: {fileID: 4623041454300194}
  m_RootOrder: 9
  m_LocalEulerAnglesHint: {x: -0.009145844, y: 13.55501, z: -0.002188346}
--- !u!1 &1879263595457460
GameObject:
  serializedVersion: 5
  m_Component:
  - component: {fileID: 4265277873083480}
  m_Layer: 0
  m_Name: Puppet_InitialSmoke06
  m_TagString: Untagged
  m_Icon: {fileID: 0}
  m_NavMeshLayer: 0
  m_StaticEditorFlags: 0
  m_IsActive: 1
--- !u!4 &4265277873083480
Transform:
  m_GameObject: {fileID: 1879263595457460}
  m_LocalRotation: {x: -7.73246E-05, y: -0.08367717, z: 6.833054E-06, w: 0.9964929}
  m_LocalPosition: {x: 3.412404, y: 0.01226652, z: 1.798394}
  m_LocalScale: {x: 0.01, y: 0.01, z: 0.01}
  m_Children: []
  m_Father: {fileID: 4623041454300194}
  m_RootOrder: 10
  m_LocalEulerAnglesHint: {x: -0.009021526, y: 9.599922, z: -0.001543319}
--- !u!1 &1644887784713262
GameObject:
  serializedVersion: 5
  m_Component:
  - component: {fileID: 4303428869421442}
  m_Layer: 0
  m_Name: Puppet_InitialSmoke07
  m_TagString: Untagged
  m_Icon: {fileID: 0}
  m_NavMeshLayer: 0
  m_StaticEditorFlags: 0
  m_IsActive: 1
--- !u!4 &4303428869421442
Transform:
  m_GameObject: {fileID: 1644887784713262}
  m_LocalRotation: {x: 0.001058011, y: -0.1471355, z: -0.007617037, w: 0.9890865}
  m_LocalPosition: {x: 3.403653, y: 0.01226629, z: 1.796914}
  m_LocalScale: {x: 0.01, y: 0.01, z: 0.01}
  m_Children: []
  m_Father: {fileID: 4623041454300194}
  m_RootOrder: 11
  m_LocalEulerAnglesHint: {x: 0.2595811, y: 16.92043, z: 0.9210721}
--- !u!1 &1842741608997079
GameObject:
  serializedVersion: 5
  m_Component:
  - component: {fileID: 4508169965786614}
  m_Layer: 0
  m_Name: Puppet_Lamp
  m_TagString: Untagged
  m_Icon: {fileID: 0}
  m_NavMeshLayer: 0
  m_StaticEditorFlags: 0
  m_IsActive: 1
--- !u!4 &4508169965786614
Transform:
  m_GameObject: {fileID: 1842741608997079}
  m_LocalRotation: {x: -7.726465E-05, y: 0.004951435, z: -2.798699E-08, w: 0.9999878}
  m_LocalPosition: {x: 3.727901, y: 0.01230041, z: 2.025426}
  m_LocalScale: {x: 1, y: 1, z: 1}
  m_Children: []
  m_Father: {fileID: 4623041454300194}
  m_RootOrder: 12
  m_LocalEulerAnglesHint: {x: -0.008854218, y: -0.567395, z: 4.704874E-05}
--- !u!1 &1708615064736190
GameObject:
  serializedVersion: 5
  m_Component:
  - component: {fileID: 4624279393101818}
  m_Layer: 0
  m_Name: Puppet_Pelvis
  m_TagString: Untagged
  m_Icon: {fileID: 0}
  m_NavMeshLayer: 0
  m_StaticEditorFlags: 0
  m_IsActive: 1
--- !u!4 &4624279393101818
Transform:
  m_GameObject: {fileID: 1708615064736190}
  m_LocalRotation: {x: -7.750002E-05, y: 0.004951447, z: -7.668936E-09, w: 0.9999878}
  m_LocalPosition: {x: 3.482317, y: 0.01230204, z: 2.027858}
  m_LocalScale: {x: 0.009999991, y: 0.009999991, z: 0.009999992}
  m_Children:
  - {fileID: 4599568166613027}
  m_Father: {fileID: 4623041454300194}
  m_RootOrder: 13
  m_LocalEulerAnglesHint: {x: -0.008881178, y: -0.5673963, z: 4.485402E-05}
--- !u!1 &1403334943167624
GameObject:
  serializedVersion: 5
  m_Component:
  - component: {fileID: 4599568166613027}
  m_Layer: 0
  m_Name: Puppet_Spine
  m_TagString: Untagged
  m_Icon: {fileID: 0}
  m_NavMeshLayer: 0
  m_StaticEditorFlags: 0
  m_IsActive: 1
--- !u!4 &4599568166613027
Transform:
  m_GameObject: {fileID: 1403334943167624}
  m_LocalRotation: {x: 2.794305E-08, y: -1.365379E-08, z: 0.07078627, w: 0.9974915}
  m_LocalPosition: {x: -0.2538528, y: 0, z: 0}
  m_LocalScale: {x: 1.000001, y: 1.000001, z: 1.000001}
  m_Children:
  - {fileID: 4004113356791514}
  m_Father: {fileID: 4624279393101818}
  m_RootOrder: 0
  m_LocalEulerAnglesHint: {x: 3.083252E-06, y: 1.787344E-06, z: -8.118298}
--- !u!1 &1969750788232696
GameObject:
  serializedVersion: 5
  m_Component:
  - component: {fileID: 4004113356791514}
  m_Layer: 0
  m_Name: Puppet_Spine1
  m_TagString: Untagged
  m_Icon: {fileID: 0}
  m_NavMeshLayer: 0
  m_StaticEditorFlags: 0
  m_IsActive: 1
--- !u!4 &4004113356791514
Transform:
  m_GameObject: {fileID: 1969750788232696}
  m_LocalRotation: {x: -5.62052E-07, y: -1.730741E-07, z: 0.1110321, w: 0.9938169}
  m_LocalPosition: {x: -0.6050491, y: 1.430511E-06, z: 0}
  m_LocalScale: {x: 1, y: 1, z: 1}
  m_Children:
  - {fileID: 4076321371443463}
  - {fileID: 4600363571701493}
  - {fileID: 4042009483922640}
  m_Father: {fileID: 4599568166613027}
  m_RootOrder: 0
  m_LocalEulerAnglesHint: {x: -6.621025E-05, y: 1.255902E-05, z: -12.74963}
--- !u!1 &1061581143093395
GameObject:
  serializedVersion: 5
  m_Component:
  - component: {fileID: 4076321371443463}
  m_Layer: 0
  m_Name: Puppet_Head
  m_TagString: Untagged
  m_Icon: {fileID: 0}
  m_NavMeshLayer: 0
  m_StaticEditorFlags: 0
  m_IsActive: 1
--- !u!4 &4076321371443463
Transform:
  m_GameObject: {fileID: 1061581143093395}
  m_LocalRotation: {x: 4.883914E-07, y: 3.069549E-07, z: -0.3952224, w: 0.9185855}
  m_LocalPosition: {x: -0.5157452, y: -0.007284164, z: 0}
  m_LocalScale: {x: 0.9999998, y: 0.9999997, z: 0.9999999}
  m_Children:
  - {fileID: 4511476285254644}
  m_Father: {fileID: 4004113356791514}
  m_RootOrder: 0
  m_LocalEulerAnglesHint: {x: 3.75074E-05, y: -5.442957E-05, z: 46.55969}
--- !u!1 &1359071123448798
GameObject:
  serializedVersion: 5
  m_Component:
  - component: {fileID: 4511476285254644}
  m_Layer: 0
  m_Name: Puppet_Hair01
  m_TagString: Untagged
  m_Icon: {fileID: 0}
  m_NavMeshLayer: 0
  m_StaticEditorFlags: 0
  m_IsActive: 1
--- !u!4 &4511476285254644
Transform:
  m_GameObject: {fileID: 1359071123448798}
  m_LocalRotation: {x: -0.03977062, y: 0.07755267, z: 0.5403792, w: 0.8368956}
  m_LocalPosition: {x: -0.8606586, y: -0.1724739, z: 0}
  m_LocalScale: {x: 0.9999999, y: 0.9999998, z: 0.9999999}
  m_Children:
  - {fileID: 4498980877993473}
  m_Father: {fileID: 4076321371443463}
  m_RootOrder: 0
  m_LocalEulerAnglesHint: {x: 1.003379, y: -9.950041, z: -65.7876}
--- !u!1 &1589527381503015
GameObject:
  serializedVersion: 5
  m_Component:
  - component: {fileID: 4498980877993473}
  m_Layer: 0
  m_Name: Puppet_Hair02
  m_TagString: Untagged
  m_Icon: {fileID: 0}
  m_NavMeshLayer: 0
  m_StaticEditorFlags: 0
  m_IsActive: 1
--- !u!4 &4498980877993473
Transform:
  m_GameObject: {fileID: 1589527381503015}
  m_LocalRotation: {x: -0.04882773, y: 0.04656793, z: 0.6885924, w: 0.7220027}
  m_LocalPosition: {x: -0.4930544, y: 2.861023E-06, z: 0}
  m_LocalScale: {x: 1, y: 0.9999999, z: 1}
  m_Children:
  - {fileID: 4267868101212426}
  m_Father: {fileID: 4511476285254644}
  m_RootOrder: 0
  m_LocalEulerAnglesHint: {x: -0.3686041, y: -7.729081, z: -87.26147}
--- !u!1 &1433259947223134
GameObject:
  serializedVersion: 5
  m_Component:
  - component: {fileID: 4267868101212426}
  m_Layer: 0
  m_Name: Puppet_Hair03
  m_TagString: Untagged
  m_Icon: {fileID: 0}
  m_NavMeshLayer: 0
  m_StaticEditorFlags: 0
  m_IsActive: 1
--- !u!4 &4267868101212426
Transform:
  m_GameObject: {fileID: 1433259947223134}
  m_LocalRotation: {x: 2.88E-07, y: -1.35721E-07, z: 0.3787654, w: 0.9254927}
  m_LocalPosition: {x: -0.5054054, y: -2.861023E-06, z: -2.288818E-05}
  m_LocalScale: {x: 1, y: 1, z: 1}
  m_Children:
  - {fileID: 4280038978947399}
  m_Father: {fileID: 4498980877993473}
  m_RootOrder: 0
  m_LocalEulerAnglesHint: {x: 2.465271E-05, y: 2.689387E-05, z: -44.51447}
--- !u!1 &1356859579910457
GameObject:
  serializedVersion: 5
  m_Component:
  - component: {fileID: 4280038978947399}
  m_Layer: 0
  m_Name: Puppet_Hair04
  m_TagString: Untagged
  m_Icon: {fileID: 0}
  m_NavMeshLayer: 0
  m_StaticEditorFlags: 0
  m_IsActive: 1
--- !u!4 &4280038978947399
Transform:
  m_GameObject: {fileID: 1356859579910457}
  m_LocalRotation: {x: -0.03362562, y: 0.3603584, z: -0.1069576, w: 0.9260514}
  m_LocalPosition: {x: -0.7148952, y: 0, z: -2.288818E-05}
  m_LocalScale: {x: 0.9999995, y: 0.9999996, z: 0.9999997}
  m_Children: []
  m_Father: {fileID: 4267868101212426}
  m_RootOrder: 0
  m_LocalEulerAnglesHint: {x: -10.69351, y: -41.31725, z: 17.21876}
--- !u!1 &1581855488537966
GameObject:
  serializedVersion: 5
  m_Component:
  - component: {fileID: 4600363571701493}
  m_Layer: 0
  m_Name: Puppet_L_UpperArm
  m_TagString: Untagged
  m_Icon: {fileID: 0}
  m_NavMeshLayer: 0
  m_StaticEditorFlags: 0
  m_IsActive: 1
--- !u!4 &4600363571701493
Transform:
  m_GameObject: {fileID: 1581855488537966}
  m_LocalRotation: {x: -0.3929455, y: 0.9183235, z: 1.380019E-05, w: 0.0477052}
  m_LocalPosition: {x: -0.3227777, y: -0.06342602, z: 0.3653412}
  m_LocalScale: {x: 1, y: 1.000001, z: 1}
  m_Children:
  - {fileID: 4495423675581567}
  m_Father: {fileID: 4004113356791514}
  m_RootOrder: 1
  m_LocalEulerAnglesHint: {x: -177.8446, y: -5.027189, z: 133.5737}
--- !u!1 &1221331432962889
GameObject:
  serializedVersion: 5
  m_Component:
  - component: {fileID: 4495423675581567}
  m_Layer: 0
  m_Name: Puppet_L_Forearm
  m_TagString: Untagged
  m_Icon: {fileID: 0}
  m_NavMeshLayer: 0
  m_StaticEditorFlags: 0
  m_IsActive: 1
--- !u!4 &4495423675581567
Transform:
  m_GameObject: {fileID: 1221331432962889}
  m_LocalRotation: {x: 0.01411023, y: 0.8266689, z: -0.01970503, w: 0.5621666}
  m_LocalPosition: {x: -1.227176, y: 0, z: 0}
  m_LocalScale: {x: 0.9999998, y: 1, z: 0.9999997}
  m_Children:
  - {fileID: 4201230118186855}
  m_Father: {fileID: 4600363571701493}
  m_RootOrder: 0
  m_LocalEulerAnglesHint: {x: -177.3935, y: -68.43595, z: -179.817}
--- !u!1 &1799956707459342
GameObject:
  serializedVersion: 5
  m_Component:
  - component: {fileID: 4201230118186855}
  m_Layer: 0
  m_Name: Puppet_L_Hand
  m_TagString: Untagged
  m_Icon: {fileID: 0}
  m_NavMeshLayer: 0
  m_StaticEditorFlags: 0
  m_IsActive: 1
--- !u!4 &4201230118186855
Transform:
  m_GameObject: {fileID: 1799956707459342}
  m_LocalRotation: {x: 0.01248712, y: 0.04371313, z: 0.1555733, w: 0.9867777}
  m_LocalPosition: {x: -1.173592, y: 5.722046E-06, z: 0}
  m_LocalScale: {x: 1, y: 0.9999992, z: 1}
  m_Children: []
  m_Father: {fileID: 4495423675581567}
  m_RootOrder: 0
  m_LocalEulerAnglesHint: {x: 2.199303, y: -4.725666, z: -18.00953}
--- !u!1 &1581048455400083
GameObject:
  serializedVersion: 5
  m_Component:
  - component: {fileID: 4042009483922640}
  m_Layer: 0
  m_Name: Puppet_R_UpperArm
  m_TagString: Untagged
  m_Icon: {fileID: 0}
  m_NavMeshLayer: 0
  m_StaticEditorFlags: 0
  m_IsActive: 1
--- !u!4 &4042009483922640
Transform:
  m_GameObject: {fileID: 1581048455400083}
  m_LocalRotation: {x: -0.420548, y: 0.8959778, z: -0.08461939, w: -0.1149038}
  m_LocalPosition: {x: -0.3227777, y: -0.06342602, z: -0.3653641}
  m_LocalScale: {x: 1, y: 1.000001, z: 1}
  m_Children:
  - {fileID: 4331698010514211}
  m_Father: {fileID: 4004113356791514}
  m_RootOrder: 2
  m_LocalEulerAnglesHint: {x: -176.7192, y: 16.08574, z: 130.1755}
--- !u!1 &1799915517749465
GameObject:
  serializedVersion: 5
  m_Component:
  - component: {fileID: 4331698010514211}
  m_Layer: 0
  m_Name: Puppet_R_Forearm
  m_TagString: Untagged
  m_Icon: {fileID: 0}
  m_NavMeshLayer: 0
  m_StaticEditorFlags: 0
  m_IsActive: 1
--- !u!4 &4331698010514211
Transform:
  m_GameObject: {fileID: 1799915517749465}
  m_LocalRotation: {x: -0.01496163, y: -0.85055, z: -0.0190668, w: 0.5253354}
  m_LocalPosition: {x: -1.227161, y: 1.144409E-05, z: -2.288818E-05}
  m_LocalScale: {x: 0.9999997, y: 0.9999996, z: 0.9999993}
  m_Children:
  - {fileID: 4881956195748419}
  m_Father: {fileID: 4042009483922640}
  m_RootOrder: 0
  m_LocalEulerAnglesHint: {x: 177.86, y: 63.40824, z: -179.3065}
--- !u!1 &1096121772190870
GameObject:
  serializedVersion: 5
  m_Component:
  - component: {fileID: 4881956195748419}
  m_Layer: 0
  m_Name: Puppet_R_Hand
  m_TagString: Untagged
  m_Icon: {fileID: 0}
  m_NavMeshLayer: 0
  m_StaticEditorFlags: 0
  m_IsActive: 1
--- !u!4 &4881956195748419
Transform:
  m_GameObject: {fileID: 1096121772190870}
  m_LocalRotation: {x: 0.6199954, y: -0.02499204, z: 0.04081087, w: 0.7831447}
  m_LocalPosition: {x: -1.173592, y: 0, z: 0}
  m_LocalScale: {x: 1, y: 1, z: 0.9999998}
  m_Children:
  - {fileID: 4458782457009328}
  m_Father: {fileID: 4331698010514211}
  m_RootOrder: 0
  m_LocalEulerAnglesHint: {x: 76.65029, y: 5.149217, z: -1.89484}
--- !u!1 &1810555610324941
GameObject:
  serializedVersion: 5
  m_Component:
  - component: {fileID: 4458782457009328}
  m_Layer: 0
  m_Name: Puppet_JuiceBox
  m_TagString: Untagged
  m_Icon: {fileID: 0}
  m_NavMeshLayer: 0
  m_StaticEditorFlags: 0
  m_IsActive: 1
--- !u!4 &4458782457009328
Transform:
  m_GameObject: {fileID: 1810555610324941}
  m_LocalRotation: {x: -0.006023374, y: -0.7070811, z: -0.006023374, w: 0.7070811}
  m_LocalPosition: {x: -0.1317902, y: -0.09332371, z: -0.02264214}
  m_LocalScale: {x: 1, y: 0.9999998, z: 0.9999998}
  m_Children: []
  m_Father: {fileID: 4881956195748419}
  m_RootOrder: 0
  m_LocalEulerAnglesHint: {x: -0.9761413, y: 90, z: 0}
--- !u!1 &1436862171870711
GameObject:
  serializedVersion: 5
  m_Component:
  - component: {fileID: 4009926634416486}
  m_Layer: 0
  m_Name: Puppet_Root
  m_TagString: Untagged
  m_Icon: {fileID: 0}
  m_NavMeshLayer: 0
  m_StaticEditorFlags: 0
  m_IsActive: 1
--- !u!4 &4009926634416486
Transform:
  m_GameObject: {fileID: 1436862171870711}
  m_LocalRotation: {x: -0.7071068, y: 0, z: 0, w: 0.7071068}
  m_LocalPosition: {x: 0, y: 0, z: 0}
  m_LocalScale: {x: 1, y: 1, z: 1}
  m_Children: []
  m_Father: {fileID: 4933137424767667}
  m_RootOrder: 4
  m_LocalEulerAnglesHint: {x: -90, y: 0, z: 0}
