%YAML 1.1
%TAG !u! tag:unity3d.com,2011:
--- !u!1001 &100100000
Prefab:
  serializedVersion: 2
  m_Modification:
    m_TransformParent: {fileID: 0}
    m_Modifications: []
    m_RemovedComponents: []
  m_ParentPrefab: {fileID: 0}
  m_RootGameObject: {fileID: 1789685925303522}
  m_IsPrefabParent: 1
--- !u!1 &1789685925303522
GameObject:
  serializedVersion: 5
  m_Component:
  - component: {fileID: 4781369183983364}
  - component: {fileID: 111339308599705790}
  - component: {fileID: 114979298530906348}
  - component: {fileID: 82443128961778074}
  - component: {fileID: 114479128662958225}
  - component: {fileID: 114338414735547701}
  m_Layer: 0
  m_Name: low_SeaHag
  m_TagString: Untagged
  m_Icon: {fileID: 0}
  m_NavMeshLayer: 0
  m_StaticEditorFlags: 0
  m_IsActive: 1
--- !u!4 &4781369183983364
Transform:
  m_GameObject: {fileID: 1789685925303522}
  m_LocalRotation: {x: 0, y: 0, z: 0, w: 1}
  m_LocalPosition: {x: 0, y: 0, z: 0}
  m_LocalScale: {x: 1, y: 1, z: 1}
  m_Children:
  - {fileID: 4763011172777660}
  - {fileID: 4652045674456031}
  - {fileID: 4800842668060061}
  - {fileID: 4659352737690162}
  m_Father: {fileID: 0}
  m_RootOrder: 0
  m_LocalEulerAnglesHint: {x: 0, y: 0, z: 0}
--- !u!111 &111339308599705790
Animation:
  m_GameObject: {fileID: 1789685925303522}
  m_Enabled: 1
  serializedVersion: 3
  m_Animation: {fileID: 0}
  m_Animations:
  - {fileID: 7400000, guid: d4a5c6458a164af4aa7081c3d5fdbf43, type: 2}
  - {fileID: 7400000, guid: 14c025ae27a02524a96e844407fc8e04, type: 2}
  - {fileID: 7400000, guid: 316eb1bea4764dd468c42b22089931c9, type: 2}
  - {fileID: 7400000, guid: e84bef836c2ecd54da4577a9ef1eaf8f, type: 2}
  - {fileID: 7400000, guid: 2e0c4e004a66bb84aaee5942cf107dc0, type: 2}
  - {fileID: 7400000, guid: 9a239176375c85f40a4f4f846f435f4c, type: 2}
  - {fileID: 7400000, guid: d57db057cb8641d42a36f78cfdbc042b, type: 2}
  - {fileID: 7400000, guid: 11cc4faff5e3e1c4ebc0e5ebf0cff9ed, type: 2}
  m_WrapMode: 0
  m_PlayAutomatically: 0
  m_AnimatePhysics: 0
  m_CullingType: 1
--- !u!114 &114979298530906348
MonoBehaviour:
  m_GameObject: {fileID: 1789685925303522}
  m_Enabled: 1
  m_EditorHideFlags: 0
  m_Script: {fileID: 11500000, guid: 203ebd45b8aad6940846389310fb33f6, type: 3}
  m_Name:
  m_EditorClassIdentifier:
  SpawnEffect: {fileID: 0}
  SpawnAudio: {fileID: 8300000, guid: 9b40a995daeddf0449e4cc9b0a7f130e, type: 3}
  SpawnAudioDelaySecs: 0
  Intro: SeaHag_Intro
  Idle: SeaHag_Idle
  IntroLength: 1.733333
  hpBar: {fileID: 0}
--- !u!82 &82443128961778074
AudioSource:
  m_GameObject: {fileID: 1789685925303522}
  m_Enabled: 1
  serializedVersion: 4
  OutputAudioMixerGroup: {fileID: 0}
  m_audioClip: {fileID: 0}
  m_PlayOnAwake: 0
  m_Volume: 1
  m_Pitch: 1
  Loop: 0
  Mute: 0
  Spatialize: 0
  SpatializePostEffects: 0
  Priority: 128
  DopplerLevel: 1
  MinDistance: 1
  MaxDistance: 500
  Pan2D: 0
  rolloffMode: 2
  BypassEffects: 0
  BypassListenerEffects: 0
  BypassReverbZones: 0
  rolloffCustomCurve:
    serializedVersion: 2
    m_Curve:
    - serializedVersion: 2
      time: 0
      value: 1
      inSlope: 0
      outSlope: 0
      tangentMode: 0
    - serializedVersion: 2
      time: 1
      value: 1
      inSlope: 0
      outSlope: 0
      tangentMode: 0
    m_PreInfinity: 2
    m_PostInfinity: 2
    m_RotationOrder: 0
  panLevelCustomCurve:
    serializedVersion: 2
    m_Curve:
    - serializedVersion: 2
      time: 0
      value: 0
      inSlope: 0
      outSlope: 0
      tangentMode: 0
    m_PreInfinity: 2
    m_PostInfinity: 2
    m_RotationOrder: 0
  spreadCustomCurve:
    serializedVersion: 2
    m_Curve:
    - serializedVersion: 2
      time: 0
      value: 0
      inSlope: 0
      outSlope: 0
      tangentMode: 0
    m_PreInfinity: 2
    m_PostInfinity: 2
    m_RotationOrder: 0
  reverbZoneMixCustomCurve:
    serializedVersion: 2
    m_Curve:
    - serializedVersion: 2
      time: 0
      value: 1
      inSlope: 0
      outSlope: 0
      tangentMode: 0
    m_PreInfinity: 2
    m_PostInfinity: 2
    m_RotationOrder: 0
--- !u!114 &114479128662958225
MonoBehaviour:
  m_GameObject: {fileID: 1789685925303522}
  m_Enabled: 1
  m_EditorHideFlags: 0
  m_Script: {fileID: 11500000, guid: 816f303b97b032a4d9e1a96b34158d44, type: 3}
  m_Name:
  m_EditorClassIdentifier:
  Tombstone: {fileID: 0}
  Timer: 0
  Idle:
  RemoveTombstone: 0
  DamageDealt: 0
  Flooped: 0
  Crash: 0
--- !u!114 &114338414735547701
MonoBehaviour:
  m_GameObject: {fileID: 1789685925303522}
  m_Enabled: 1
  m_EditorHideFlags: 0
  m_Script: {fileID: 11500000, guid: 9390b1f887e33a34caef2ef05f3f87a5, type: 3}
  m_Name:
  m_EditorClassIdentifier:
  animTarget: {fileID: 0}
  animName:
--- !u!1 &1309374938894329
GameObject:
  serializedVersion: 5
  m_Component:
  - component: {fileID: 4763011172777660}
  m_Layer: 0
  m_Name: Puppet_Pelvis
  m_TagString: Untagged
  m_Icon: {fileID: 0}
  m_NavMeshLayer: 0
  m_StaticEditorFlags: 0
  m_IsActive: 1
--- !u!4 &4763011172777660
Transform:
  m_GameObject: {fileID: 1309374938894329}
  m_LocalRotation: {x: 0.5, y: -0.5, z: -0.5000001, w: 0.5000001}
  m_LocalPosition: {x: 0, y: 1.371113, z: 0.00623922}
  m_LocalScale: {x: 1, y: 1, z: 1}
  m_Children:
  - {fileID: 4780935668824277}
  - {fileID: 4791478532160020}
  m_Father: {fileID: 4781369183983364}
  m_RootOrder: 0
  m_LocalEulerAnglesHint: {x: 89.99999, y: 0, z: 90}
--- !u!1 &1449766417636293
GameObject:
  serializedVersion: 5
  m_Component:
  - component: {fileID: 4780935668824277}
  m_Layer: 0
  m_Name: Puppet_Robe01
  m_TagString: Untagged
  m_Icon: {fileID: 0}
  m_NavMeshLayer: 0
  m_StaticEditorFlags: 0
  m_IsActive: 1
--- !u!4 &4780935668824277
Transform:
  m_GameObject: {fileID: 1449766417636293}
  m_LocalRotation: {x: 7.95806E-14, y: 1, z: 6.357303E-08, w: 3.139165E-07}
  m_LocalPosition: {x: 0.1156142, y: -8.847564E-08, z: 5.512908E-08}
  m_LocalScale: {x: 0.9999999, y: 0.9999999, z: 1}
  m_Children:
  - {fileID: 4985384368526434}
  - {fileID: 4715601364712471}
  - {fileID: 4021811027104642}
  - {fileID: 4261066766150681}
  m_Father: {fileID: 4763011172777660}
  m_RootOrder: 0
  m_LocalEulerAnglesHint: {x: 180, y: -3.597218E-05, z: -180}
--- !u!1 &1878277032181748
GameObject:
  serializedVersion: 5
  m_Component:
  - component: {fileID: 4985384368526434}
  m_Layer: 0
  m_Name: Puppet_Tentacle_B1
  m_TagString: Untagged
  m_Icon: {fileID: 0}
  m_NavMeshLayer: 0
  m_StaticEditorFlags: 0
  m_IsActive: 1
--- !u!4 &4985384368526434
Transform:
  m_GameObject: {fileID: 1878277032181748}
  m_LocalRotation: {x: 0.9592871, y: 0.2824328, z: -1.203296E-07, w: 5.565482E-08}
  m_LocalPosition: {x: -0.4329398, y: -0.5799974, z: 0.05903169}
  m_LocalScale: {x: 1, y: 1, z: 1}
  m_Children:
  - {fileID: 4844921926811065}
  m_Father: {fileID: 4780935668824277}
  m_RootOrder: 0
  m_LocalEulerAnglesHint: {x: 180, y: -1.502862E-05, z: -32.81091}
--- !u!1 &1360075493495926
GameObject:
  serializedVersion: 5
  m_Component:
  - component: {fileID: 4844921926811065}
  m_Layer: 0
  m_Name: Puppet_Tentacle_B2
  m_TagString: Untagged
  m_Icon: {fileID: 0}
  m_NavMeshLayer: 0
  m_StaticEditorFlags: 0
  m_IsActive: 1
--- !u!4 &4844921926811065
Transform:
  m_GameObject: {fileID: 1360075493495926}
  m_LocalRotation: {x: 1.936058E-09, y: 1.375128E-08, z: -0.151576, w: 0.9884456}
  m_LocalPosition: {x: -0.5697771, y: 5.960464E-08, z: -1.490116E-08}
  m_LocalScale: {x: 1, y: 1, z: 0.9999998}
  m_Children: []
  m_Father: {fileID: 4985384368526434}
  m_RootOrder: 0
  m_LocalEulerAnglesHint: {x: -1.955802E-08, y: -1.591202E-06, z: 17.43654}
--- !u!1 &1923916755773360
GameObject:
  serializedVersion: 5
  m_Component:
  - component: {fileID: 4715601364712471}
  m_Layer: 0
  m_Name: Puppet_Tentacle_F1
  m_TagString: Untagged
  m_Icon: {fileID: 0}
  m_NavMeshLayer: 0
  m_StaticEditorFlags: 0
  m_IsActive: 1
--- !u!4 &4715601364712471
Transform:
  m_GameObject: {fileID: 1923916755773360}
  m_LocalRotation: {x: 3.590226E-08, y: -1.751659E-08, z: -0.2824326, w: 0.9592872}
  m_LocalPosition: {x: -0.4329401, y: 0.5446672, z: -7.222681E-09}
  m_LocalScale: {x: 1, y: 1, z: 1}
  m_Children:
  - {fileID: 4433588678210643}
  m_Father: {fileID: 4780935668824277}
  m_RootOrder: 1
  m_LocalEulerAnglesHint: {x: 4.513513E-06, y: 7.635772E-07, z: 32.81089}
--- !u!1 &1047341949284407
GameObject:
  serializedVersion: 5
  m_Component:
  - component: {fileID: 4433588678210643}
  m_Layer: 0
  m_Name: Puppet_Tentacle_F2
  m_TagString: Untagged
  m_Icon: {fileID: 0}
  m_NavMeshLayer: 0
  m_StaticEditorFlags: 0
  m_IsActive: 1
--- !u!4 &4433588678210643
Transform:
  m_GameObject: {fileID: 1047341949284407}
  m_LocalRotation: {x: -1.948238E-07, y: -5.814715E-08, z: -0.151576, w: 0.9884456}
  m_LocalPosition: {x: -0.5697771, y: 5.960464E-08, z: 1.293367E-08}
  m_LocalScale: {x: 0.9999999, y: 0.9999999, z: 1}
  m_Children: []
  m_Father: {fileID: 4715601364712471}
  m_RootOrder: 0
  m_LocalEulerAnglesHint: {x: -2.105724E-05, y: 9.970144E-06, z: 17.43654}
--- !u!1 &1007994225860253
GameObject:
  serializedVersion: 5
  m_Component:
  - component: {fileID: 4021811027104642}
  m_Layer: 0
  m_Name: Puppet_Tentacle_L1
  m_TagString: Untagged
  m_Icon: {fileID: 0}
  m_NavMeshLayer: 0
  m_StaticEditorFlags: 0
  m_IsActive: 1
--- !u!4 &4021811027104642
Transform:
  m_GameObject: {fileID: 1007994225860253}
  m_LocalRotation: {x: -0.6783184, y: -0.1997101, z: -0.1997099, w: 0.6783184}
  m_LocalPosition: {x: -0.4329398, y: -0.06796953, z: -0.5729265}
  m_LocalScale: {x: 1, y: 1, z: 0.9999999}
  m_Children:
  - {fileID: 4016108884448467}
  m_Father: {fileID: 4780935668824277}
  m_RootOrder: 2
  m_LocalEulerAnglesHint: {x: -90.00001, y: 32.81089, z: -1.92937E-05}
--- !u!1 &1340654789486048
GameObject:
  serializedVersion: 5
  m_Component:
  - component: {fileID: 4016108884448467}
  m_Layer: 0
  m_Name: Puppet_Tentacle_L2
  m_TagString: Untagged
  m_Icon: {fileID: 0}
  m_NavMeshLayer: 0
  m_StaticEditorFlags: 0
  m_IsActive: 1
--- !u!4 &4016108884448467
Transform:
  m_GameObject: {fileID: 1340654789486048}
  m_LocalRotation: {x: 9.071092E-08, y: -3.879566E-07, z: -0.151576, w: 0.9884456}
  m_LocalPosition: {x: -0.5697771, y: 5.960464E-08, z: -1.490116E-08}
  m_LocalScale: {x: 0.9999997, y: 1, z: 1}
  m_Children: []
  m_Father: {fileID: 4021811027104642}
  m_RootOrder: 0
  m_LocalEulerAnglesHint: {x: 1.701315E-05, y: 4.23673E-05, z: 17.43654}
--- !u!1 &1784934743703833
GameObject:
  serializedVersion: 5
  m_Component:
  - component: {fileID: 4261066766150681}
  m_Layer: 0
  m_Name: Puppet_Tentacle_R1
  m_TagString: Untagged
  m_Icon: {fileID: 0}
  m_NavMeshLayer: 0
  m_StaticEditorFlags: 0
  m_IsActive: 1
--- !u!4 &4261066766150681
Transform:
  m_GameObject: {fileID: 1784934743703833}
  m_LocalRotation: {x: 0.6783185, y: 0.1997101, z: -0.1997103, w: 0.6783183}
  m_LocalPosition: {x: -0.4329399, y: -0.0005756933, z: 0.5800486}
  m_LocalScale: {x: 1, y: 1, z: 1}
  m_Children:
  - {fileID: 4380018515944777}
  m_Father: {fileID: 4780935668824277}
  m_RootOrder: 3
  m_LocalEulerAnglesHint: {x: 90.00002, y: -32.81092, z: 1.004552E-05}
--- !u!1 &1611919608810659
GameObject:
  serializedVersion: 5
  m_Component:
  - component: {fileID: 4380018515944777}
  m_Layer: 0
  m_Name: Puppet_Tentacle_R2
  m_TagString: Untagged
  m_Icon: {fileID: 0}
  m_NavMeshLayer: 0
  m_StaticEditorFlags: 0
  m_IsActive: 1
--- !u!4 &4380018515944777
Transform:
  m_GameObject: {fileID: 1611919608810659}
  m_LocalRotation: {x: -3.050657E-07, y: 8.14832E-08, z: -0.1515759, w: 0.9884456}
  m_LocalPosition: {x: -0.5697771, y: -5.960464E-08, z: 5.727634E-08}
  m_LocalScale: {x: 1, y: 1, z: 1}
  m_Children: []
  m_Father: {fileID: 4261066766150681}
  m_RootOrder: 0
  m_LocalEulerAnglesHint: {x: -3.596934E-05, y: -3.930616E-06, z: 17.43653}
--- !u!1 &1726448238503600
GameObject:
  serializedVersion: 5
  m_Component:
  - component: {fileID: 4791478532160020}
  m_Layer: 0
  m_Name: Puppet_Spine
  m_TagString: Untagged
  m_Icon: {fileID: 0}
  m_NavMeshLayer: 0
  m_StaticEditorFlags: 0
  m_IsActive: 1
--- !u!4 &4791478532160020
Transform:
  m_GameObject: {fileID: 1726448238503600}
  m_LocalRotation: {x: 2.384186E-07, y: -2.384186E-07, z: -4.263257E-14, w: 1}
  m_LocalPosition: {x: -0.1826829, y: 3.352761E-08, z: -8.710998E-08}
  m_LocalScale: {x: 1, y: 1, z: 1}
  m_Children:
  - {fileID: 4305287030206936}
  m_Father: {fileID: 4763011172777660}
  m_RootOrder: 1
  m_LocalEulerAnglesHint: {x: 2.732076E-05, y: 2.732076E-05, z: 1.139911E-11}
--- !u!1 &1911201746659404
GameObject:
  serializedVersion: 5
  m_Component:
  - component: {fileID: 4305287030206936}
  m_Layer: 0
  m_Name: Puppet_Spine1
  m_TagString: Untagged
  m_Icon: {fileID: 0}
  m_NavMeshLayer: 0
  m_StaticEditorFlags: 0
  m_IsActive: 1
--- !u!4 &4305287030206936
Transform:
  m_GameObject: {fileID: 1911201746659404}
  m_LocalRotation: {x: -1.554701E-07, y: -4.361832E-11, z: 1.950439E-11, w: 1}
  m_LocalPosition: {x: -0.3956102, y: 9.313226E-10, z: -2.727623E-10}
  m_LocalScale: {x: 0.9999999, y: 1, z: 1}
  m_Children:
  - {fileID: 4014346001721610}
  - {fileID: 4768089518414401}
  - {fileID: 4277170930263260}
  m_Father: {fileID: 4791478532160020}
  m_RootOrder: 0
  m_LocalEulerAnglesHint: {x: -1.781556E-05, y: 4.998292E-09, z: -2.235039E-09}
--- !u!1 &1063579548029083
GameObject:
  serializedVersion: 5
  m_Component:
  - component: {fileID: 4014346001721610}
  m_Layer: 0
  m_Name: Puppet_Head
  m_TagString: Untagged
  m_Icon: {fileID: 0}
  m_NavMeshLayer: 0
  m_StaticEditorFlags: 0
  m_IsActive: 1
--- !u!4 &4014346001721610
Transform:
  m_GameObject: {fileID: 1063579548029083}
  m_LocalRotation: {x: -4.177829E-07, y: 4.364546E-11, z: -2.421283E-08, w: 1}
  m_LocalPosition: {x: -0.721087, y: 0.1744236, z: -1.015778E-08}
  m_LocalScale: {x: 1, y: 0.9999999, z: 0.9999999}
  m_Children:
  - {fileID: 4645218369543173}
  - {fileID: 4579950939793189}
  - {fileID: 4161364539046207}
  m_Father: {fileID: 4305287030206936}
  m_RootOrder: 0
  m_LocalEulerAnglesHint: {x: -4.787439E-05, y: -5.000242E-09, z: 2.774586E-06}
--- !u!1 &1791555872734313
GameObject:
  serializedVersion: 5
  m_Component:
  - component: {fileID: 4645218369543173}
  m_Layer: 0
  m_Name: Puppet_HairBack
  m_TagString: Untagged
  m_Icon: {fileID: 0}
  m_NavMeshLayer: 0
  m_StaticEditorFlags: 0
  m_IsActive: 1
--- !u!4 &4645218369543173
Transform:
  m_GameObject: {fileID: 1791555872734313}
  m_LocalRotation: {x: 5.558829E-08, y: -3.925361E-07, z: 1, w: -1.118969E-07}
  m_LocalPosition: {x: -0.3926623, y: -0.251588, z: -1.954748E-07}
  m_LocalScale: {x: 1, y: 1, z: 1}
  m_Children: []
  m_Father: {fileID: 4014346001721610}
  m_RootOrder: 0
  m_LocalEulerAnglesHint: {x: -4.498132E-05, y: 6.369944E-06, z: 180}
--- !u!1 &1135816053454025
GameObject:
  serializedVersion: 5
  m_Component:
  - component: {fileID: 4579950939793189}
  m_Layer: 0
  m_Name: Puppet_HairL01
  m_TagString: Untagged
  m_Icon: {fileID: 0}
  m_NavMeshLayer: 0
  m_StaticEditorFlags: 0
  m_IsActive: 1
--- !u!4 &4579950939793189
Transform:
  m_GameObject: {fileID: 1135816053454025}
  m_LocalRotation: {x: -0.05085242, y: 0.9399806, z: -0.2963747, w: 0.1612839}
  m_LocalPosition: {x: -0.2887065, y: 0.1414046, z: 0.4134771}
  m_LocalScale: {x: 1, y: 1.000001, z: 1}
  m_Children:
  - {fileID: 4640883860724758}
  m_Father: {fileID: 4014346001721610}
  m_RootOrder: 1
  m_LocalEulerAnglesHint: {x: -143.3992, y: -15.84672, z: 168.5358}
--- !u!1 &1440979408925438
GameObject:
  serializedVersion: 5
  m_Component:
  - component: {fileID: 4640883860724758}
  m_Layer: 0
  m_Name: Puppet_HairL02
  m_TagString: Untagged
  m_Icon: {fileID: 0}
  m_NavMeshLayer: 0
  m_StaticEditorFlags: 0
  m_IsActive: 1
--- !u!4 &4640883860724758
Transform:
  m_GameObject: {fileID: 1440979408925438}
  m_LocalRotation: {x: -3.249244E-07, y: -0.1320397, z: 4.350722E-08, w: 0.9912444}
  m_LocalPosition: {x: -0.2698882, y: 2.980232E-08, z: -2.384186E-07}
  m_LocalScale: {x: 0.9999999, y: 0.9999995, z: 0.9999999}
  m_Children: []
  m_Father: {fileID: 4579950939793189}
  m_RootOrder: 0
  m_LocalEulerAnglesHint: {x: -3.892309E-05, y: 15.17495, z: -1.021439E-05}
--- !u!1 &1324572348844608
GameObject:
  serializedVersion: 5
  m_Component:
  - component: {fileID: 4161364539046207}
  m_Layer: 0
  m_Name: Puppet_HairR01
  m_TagString: Untagged
  m_Icon: {fileID: 0}
  m_NavMeshLayer: 0
  m_StaticEditorFlags: 0
  m_IsActive: 1
--- !u!4 &4161364539046207
Transform:
  m_GameObject: {fileID: 1324572348844608}
  m_LocalRotation: {x: -0.05085261, y: 0.9399804, z: 0.2963753, w: -0.1612839}
  m_LocalPosition: {x: -0.2887065, y: 0.1414054, z: -0.4134769}
  m_LocalScale: {x: 1, y: 1, z: 1}
  m_Children:
  - {fileID: 4349411528911357}
  m_Father: {fileID: 4014346001721610}
  m_RootOrder: 2
  m_LocalEulerAnglesHint: {x: 143.3991, y: 15.84671, z: 168.5358}
--- !u!1 &1757053468904639
GameObject:
  serializedVersion: 5
  m_Component:
  - component: {fileID: 4349411528911357}
  m_Layer: 0
  m_Name: Puppet_HairR02
  m_TagString: Untagged
  m_Icon: {fileID: 0}
  m_NavMeshLayer: 0
  m_StaticEditorFlags: 0
  m_IsActive: 1
--- !u!4 &4349411528911357
Transform:
  m_GameObject: {fileID: 1757053468904639}
  m_LocalRotation: {x: 1.409898E-08, y: 0.1320396, z: -3.58186E-09, w: 0.9912444}
  m_LocalPosition: {x: -0.2698884, y: 9.313226E-09, z: -1.192093E-07}
  m_LocalScale: {x: 0.9999998, y: 1, z: 0.9999998}
  m_Children: []
  m_Father: {fileID: 4161364539046207}
  m_RootOrder: 0
  m_LocalEulerAnglesHint: {x: 1.603184E-06, y: -15.17494, z: 2.005229E-07}
--- !u!1 &1917531395984987
GameObject:
  serializedVersion: 5
  m_Component:
  - component: {fileID: 4768089518414401}
  m_Layer: 0
  m_Name: Puppet_L_UpperArm
  m_TagString: Untagged
  m_Icon: {fileID: 0}
  m_NavMeshLayer: 0
  m_StaticEditorFlags: 0
  m_IsActive: 1
--- !u!4 &4768089518414401
Transform:
  m_GameObject: {fileID: 1917531395984987}
  m_LocalRotation: {x: -0.5859692, y: 0.6169863, z: 0.368013, w: 0.3748793}
  m_LocalPosition: {x: -0.4426589, y: 0.04286226, z: 0.5220847}
  m_LocalScale: {x: 1.000001, y: 1, z: 1}
  m_Children:
  - {fileID: 4820567938441693}
  m_Father: {fileID: 4305287030206936}
  m_RootOrder: 1
  m_LocalEulerAnglesHint: {x: 178.1104, y: -63.36484, z: 94.1203}
--- !u!1 &1928882434993749
GameObject:
  serializedVersion: 5
  m_Component:
  - component: {fileID: 4820567938441693}
  m_Layer: 0
  m_Name: Puppet_L_Forearm
  m_TagString: Untagged
  m_Icon: {fileID: 0}
  m_NavMeshLayer: 0
  m_StaticEditorFlags: 0
  m_IsActive: 1
--- !u!4 &4820567938441693
Transform:
  m_GameObject: {fileID: 1928882434993749}
  m_LocalRotation: {x: 0.002695134, y: 0.4306507, z: -0.02798642, w: 0.9020807}
  m_LocalPosition: {x: -0.7532459, y: -2.384186E-07, z: -2.980232E-07}
  m_LocalScale: {x: 0.9999989, y: 0.9999997, z: 1}
  m_Children:
  - {fileID: 4646768089644022}
  m_Father: {fileID: 4768089518414401}
  m_RootOrder: 0
  m_LocalEulerAnglesHint: {x: -1.752056, y: -50.9971, z: 4.389667}
--- !u!1 &1426566299911853
GameObject:
  serializedVersion: 5
  m_Component:
  - component: {fileID: 4646768089644022}
  m_Layer: 0
  m_Name: Puppet_L_Hand
  m_TagString: Untagged
  m_Icon: {fileID: 0}
  m_NavMeshLayer: 0
  m_StaticEditorFlags: 0
  m_IsActive: 1
--- !u!4 &4646768089644022
Transform:
  m_GameObject: {fileID: 1426566299911853}
  m_LocalRotation: {x: 0.003828991, y: 0.009471424, z: 0.01676743, w: 0.9998072}
  m_LocalPosition: {x: -0.9287112, y: 2.384186E-07, z: -1.192093E-07}
  m_LocalScale: {x: 0.9999997, y: 1, z: 0.9999999}
  m_Children: []
  m_Father: {fileID: 4820567938441693}
  m_RootOrder: 0
  m_LocalEulerAnglesHint: {x: 0.4569696, y: -1.077842, z: -1.925895}
--- !u!1 &1866149714683200
GameObject:
  serializedVersion: 5
  m_Component:
  - component: {fileID: 4277170930263260}
  m_Layer: 0
  m_Name: Puppet_R_UpperArm
  m_TagString: Untagged
  m_Icon: {fileID: 0}
  m_NavMeshLayer: 0
  m_StaticEditorFlags: 0
  m_IsActive: 1
--- !u!4 &4277170930263260
Transform:
  m_GameObject: {fileID: 1866149714683200}
  m_LocalRotation: {x: -0.5859691, y: 0.6169863, z: -0.368013, w: -0.3748794}
  m_LocalPosition: {x: -0.4426587, y: 0.04286251, z: -0.5220848}
  m_LocalScale: {x: 1, y: 0.9999999, z: 1}
  m_Children:
  - {fileID: 4838116979887104}
  m_Father: {fileID: 4305287030206936}
  m_RootOrder: 2
  m_LocalEulerAnglesHint: {x: -178.1104, y: 63.36485, z: 94.12032}
--- !u!1 &1039895798825646
GameObject:
  serializedVersion: 5
  m_Component:
  - component: {fileID: 4838116979887104}
  m_Layer: 0
  m_Name: Puppet_R_Forearm
  m_TagString: Untagged
  m_Icon: {fileID: 0}
  m_NavMeshLayer: 0
  m_StaticEditorFlags: 0
  m_IsActive: 1
--- !u!4 &4838116979887104
Transform:
  m_GameObject: {fileID: 1039895798825646}
  m_LocalRotation: {x: -0.002695403, y: -0.4306507, z: -0.02798686, w: 0.9020806}
  m_LocalPosition: {x: -0.7532462, y: -2.384186E-07, z: 2.980232E-08}
  m_LocalScale: {x: 0.9999992, y: 0.9999998, z: 0.9999999}
  m_Children:
  - {fileID: 4969336731403431}
  m_Father: {fileID: 4277170930263260}
  m_RootOrder: 0
  m_LocalEulerAnglesHint: {x: 1.752047, y: 50.99711, z: 4.389719}
--- !u!1 &1358044733328823
GameObject:
  serializedVersion: 5
  m_Component:
  - component: {fileID: 4969336731403431}
  m_Layer: 0
  m_Name: Puppet_R_Hand
  m_TagString: Untagged
  m_Icon: {fileID: 0}
  m_NavMeshLayer: 0
  m_StaticEditorFlags: 0
  m_IsActive: 1
--- !u!4 &4969336731403431
Transform:
  m_GameObject: {fileID: 1358044733328823}
  m_LocalRotation: {x: -0.003828575, y: -0.009471136, z: 0.01676769, w: 0.9998072}
  m_LocalPosition: {x: -0.9287115, y: 0, z: 3.576279E-07}
  m_LocalScale: {x: 1, y: 1, z: 1}
  m_Children: []
  m_Father: {fileID: 4838116979887104}
  m_RootOrder: 0
  m_LocalEulerAnglesHint: {x: -0.4569217, y: 1.07781, z: -1.925924}
--- !u!1 &1189349090036426
GameObject:
  serializedVersion: 5
  m_Component:
  - component: {fileID: 4652045674456031}
  m_Layer: 0
  m_Name: Puppet_Root
  m_TagString: Untagged
  m_Icon: {fileID: 0}
  m_NavMeshLayer: 0
  m_StaticEditorFlags: 0
  m_IsActive: 1
--- !u!4 &4652045674456031
Transform:
  m_GameObject: {fileID: 1189349090036426}
  m_LocalRotation: {x: -0.7071068, y: 0, z: 0, w: 0.7071068}
  m_LocalPosition: {x: 0, y: 0, z: 0}
  m_LocalScale: {x: 1, y: 1, z: 1}
  m_Children: []
  m_Father: {fileID: 4781369183983364}
  m_RootOrder: 1
  m_LocalEulerAnglesHint: {x: -90, y: 0, z: 0}
--- !u!1 &1172479965278982
GameObject:
  serializedVersion: 5
  m_Component:
  - component: {fileID: 4800842668060061}
  - component: {fileID: 137325487931045874}
  m_Layer: 0
  m_Name: SeaHag
  m_TagString: Untagged
  m_Icon: {fileID: 0}
  m_NavMeshLayer: 0
  m_StaticEditorFlags: 0
  m_IsActive: 1
--- !u!4 &4800842668060061
Transform:
  m_GameObject: {fileID: 1172479965278982}
  m_LocalRotation: {x: -0.7071068, y: 0, z: 0, w: 0.7071068}
  m_LocalPosition: {x: 0, y: 0, z: 0}
  m_LocalScale: {x: 1, y: 1, z: 1}
  m_Children: []
  m_Father: {fileID: 4781369183983364}
  m_RootOrder: 2
  m_LocalEulerAnglesHint: {x: -90, y: 0, z: 0}
--- !u!137 &137325487931045874
SkinnedMeshRenderer:
  m_GameObject: {fileID: 1172479965278982}
  m_Enabled: 1
  m_CastShadows: 1
  m_ReceiveShadows: 1
  m_DynamicOccludee: 1
  m_MotionVectors: 1
  m_LightProbeUsage: 0
  m_ReflectionProbeUsage: 1
  m_Materials:
  - {fileID: 2100000, guid: 31ffb9056feebb045bdbac09f409a3c1, type: 2}
  m_StaticBatchInfo:
    firstSubMesh: 0
    subMeshCount: 0
  m_StaticBatchRoot: {fileID: 0}
  m_ProbeAnchor: {fileID: 0}
  m_LightProbeVolumeOverride: {fileID: 0}
  m_ScaleInLightmap: 1
  m_PreserveUVs: 0
  m_IgnoreNormalsForChartDetection: 0
  m_ImportantGI: 0
  m_StitchLightmapSeams: 0
  m_SelectedEditorRenderState: 3
  m_MinimumChartSize: 4
  m_AutoUVMaxDistance: 0.5
  m_AutoUVMaxAngle: 89
  m_LightmapParameters: {fileID: 0}
  m_SortingLayerID: 0
  m_SortingLayer: 0
  m_SortingOrder: 0
  serializedVersion: 2
  m_Quality: 0
  m_UpdateWhenOffscreen: 0
  m_skinnedMotionVectors: 0
  m_Mesh: {fileID: 4300000, guid: 8156f1edb34adb04795945d13ecd0293, type: 2}
  m_Bones:
  - {fileID: 4380018515944777}
  - {fileID: 4261066766150681}
  - {fileID: 4780935668824277}
  - {fileID: 4014346001721610}
  - {fileID: 4161364539046207}
  - {fileID: 4305287030206936}
  - {fileID: 4763011172777660}
  - {fileID: 4791478532160020}
  - {fileID: 4433588678210643}
  - {fileID: 4715601364712471}
  - {fileID: 4016108884448467}
  - {fileID: 4021811027104642}
  - {fileID: 4844921926811065}
  - {fileID: 4985384368526434}
  - {fileID: 4646768089644022}
  - {fileID: 4820567938441693}
  - {fileID: 4768089518414401}
  - {fileID: 4349411528911357}
  - {fileID: 4645218369543173}
  - {fileID: 4640883860724758}
  - {fileID: 4579950939793189}
  - {fileID: 4969336731403431}
  - {fileID: 4838116979887104}
  - {fileID: 4277170930263260}
  m_BlendShapeWeights: []
  m_RootBone: {fileID: 4763011172777660}
  m_AABB:
    m_Center: {x: -0.2284216, y: -0.006269455, z: 0.0002524853}
    m_Extent: {x: 1.911415, y: 1.649628, z: 1.649628}
  m_DirtyAABB: 0
--- !u!1 &1512280999433403
GameObject:
  serializedVersion: 5
  m_Component:
  - component: {fileID: 4659352737690162}
  - component: {fileID: 137799165198576006}
  m_Layer: 0
  m_Name: SeaHag_Outline
  m_TagString: Untagged
  m_Icon: {fileID: 0}
  m_NavMeshLayer: 0
  m_StaticEditorFlags: 0
  m_IsActive: 1
--- !u!4 &4659352737690162
Transform:
  m_GameObject: {fileID: 1512280999433403}
  m_LocalRotation: {x: -0.7071068, y: 0, z: 0, w: 0.7071068}
  m_LocalPosition: {x: 0, y: 0, z: 0}
  m_LocalScale: {x: 1, y: 1, z: 1}
  m_Children: []
  m_Father: {fileID: 4781369183983364}
  m_RootOrder: 3
  m_LocalEulerAnglesHint: {x: -90, y: 0, z: 0}
--- !u!137 &137799165198576006
SkinnedMeshRenderer:
  m_GameObject: {fileID: 1512280999433403}
  m_Enabled: 1
  m_CastShadows: 1
  m_ReceiveShadows: 1
  m_DynamicOccludee: 1
  m_MotionVectors: 1
  m_LightProbeUsage: 0
  m_ReflectionProbeUsage: 1
  m_Materials:
  - {fileID: 2100000, guid: 31ffb9056feebb045bdbac09f409a3c1, type: 2}
  m_StaticBatchInfo:
    firstSubMesh: 0
    subMeshCount: 0
  m_StaticBatchRoot: {fileID: 0}
  m_ProbeAnchor: {fileID: 0}
  m_LightProbeVolumeOverride: {fileID: 0}
  m_ScaleInLightmap: 1
  m_PreserveUVs: 0
  m_IgnoreNormalsForChartDetection: 0
  m_ImportantGI: 0
  m_StitchLightmapSeams: 0
  m_SelectedEditorRenderState: 3
  m_MinimumChartSize: 4
  m_AutoUVMaxDistance: 0.5
  m_AutoUVMaxAngle: 89
  m_LightmapParameters: {fileID: 0}
  m_SortingLayerID: 0
  m_SortingLayer: 0
  m_SortingOrder: 0
  serializedVersion: 2
  m_Quality: 0
  m_UpdateWhenOffscreen: 0
  m_skinnedMotionVectors: 0
  m_Mesh: {fileID: 4300000, guid: 98a286dab61d7b044b1329c4c45bdad0, type: 2}
  m_Bones:
  - {fileID: 4261066766150681}
  - {fileID: 4380018515944777}
  - {fileID: 4780935668824277}
  - {fileID: 4763011172777660}
  - {fileID: 4645218369543173}
  - {fileID: 4014346001721610}
  - {fileID: 4579950939793189}
  - {fileID: 4349411528911357}
  - {fileID: 4161364539046207}
  - {fileID: 4640883860724758}
  - {fileID: 4305287030206936}
  - {fileID: 4768089518414401}
  - {fileID: 4791478532160020}
  - {fileID: 4277170930263260}
  - {fileID: 4715601364712471}
  - {fileID: 4433588678210643}
  - {fileID: 4021811027104642}
  - {fileID: 4016108884448467}
  - {fileID: 4985384368526434}
  - {fileID: 4844921926811065}
  - {fileID: 4646768089644022}
  - {fileID: 4820567938441693}
  - {fileID: 4969336731403431}
  - {fileID: 4838116979887104}
  m_BlendShapeWeights: []
  m_RootBone: {fileID: 4763011172777660}
  m_AABB:
    m_Center: {x: -0.2249789, y: -0.006269097, z: 0.0002526045}
    m_Extent: {x: 1.934858, y: 1.675694, z: 1.675694}
  m_DirtyAABB: 0
