%YAML 1.1
%TAG !u! tag:unity3d.com,2011:
--- !u!1001 &100100000
Prefab:
  serializedVersion: 2
  m_Modification:
    m_TransformParent: {fileID: 0}
    m_Modifications: []
    m_RemovedComponents: []
  m_ParentPrefab: {fileID: 0}
  m_RootGameObject: {fileID: 1952649937655221}
  m_IsPrefabParent: 1
--- !u!1 &1952649937655221
GameObject:
  serializedVersion: 5
  m_Component:
  - component: {fileID: 4449524453232897}
  - component: {fileID: 111930921710965444}
  - component: {fileID: 114695816170519065}
  - component: {fileID: 82253381870001541}
  - component: {fileID: 114242230259093712}
  - component: {fileID: 114041612415028226}
  m_Layer: 0
  m_Name: low_OrangeSlimey
  m_TagString: Untagged
  m_Icon: {fileID: 0}
  m_NavMeshLayer: 0
  m_StaticEditorFlags: 0
  m_IsActive: 1
--- !u!4 &4449524453232897
Transform:
  m_GameObject: {fileID: 1952649937655221}
  m_LocalRotation: {x: 0, y: 0, z: 0, w: 1}
  m_LocalPosition: {x: 0, y: 0, z: 0}
  m_LocalScale: {x: 1, y: 1, z: 1}
  m_Children:
  - {fileID: 4010938708275119}
  - {fileID: 4753294144344358}
  - {fileID: 4834120711488837}
  - {fileID: 4378190825222215}
  m_Father: {fileID: 0}
  m_RootOrder: 0
  m_LocalEulerAnglesHint: {x: 0, y: 0, z: 0}
--- !u!111 &111930921710965444
Animation:
  m_GameObject: {fileID: 1952649937655221}
  m_Enabled: 1
  serializedVersion: 3
  m_Animation: {fileID: 0}
  m_Animations:
  - {fileID: 7400000, guid: b70b8600c026a614c9849c7a8eaa5636, type: 2}
  - {fileID: 7400000, guid: e4fb2360c7723324e9cda9fd07a60186, type: 2}
  - {fileID: 7400000, guid: 316eb1bea4764dd468c42b22089931c9, type: 2}
  - {fileID: 7400000, guid: e84bef836c2ecd54da4577a9ef1eaf8f, type: 2}
  - {fileID: 7400000, guid: d57db057cb8641d42a36f78cfdbc042b, type: 2}
  - {fileID: 7400000, guid: 2e0c4e004a66bb84aaee5942cf107dc0, type: 2}
  - {fileID: 7400000, guid: 9a239176375c85f40a4f4f846f435f4c, type: 2}
  - {fileID: 7400000, guid: 11cc4faff5e3e1c4ebc0e5ebf0cff9ed, type: 2}
  m_WrapMode: 0
  m_PlayAutomatically: 1
  m_AnimatePhysics: 0
  m_CullingType: 1
--- !u!114 &114695816170519065
MonoBehaviour:
  m_GameObject: {fileID: 1952649937655221}
  m_Enabled: 1
  m_EditorHideFlags: 0
  m_Script: {fileID: 11500000, guid: 203ebd45b8aad6940846389310fb33f6, type: 3}
  m_Name:
  m_EditorClassIdentifier:
  SpawnEffect: {fileID: 0}
  SpawnAudio: {fileID: 8300000, guid: 8bb4d6a941896ed4f8574b06e9e905af, type: 3}
  SpawnAudioDelaySecs: 0
  Intro: GelatinousCube_Intro
  Idle: GelatinousCube_Idle
  IntroLength: 1.766667
  hpBar: {fileID: 0}
--- !u!82 &82253381870001541
AudioSource:
  m_GameObject: {fileID: 1952649937655221}
  m_Enabled: 1
  serializedVersion: 4
  OutputAudioMixerGroup: {fileID: 0}
  m_audioClip: {fileID: 0}
  m_PlayOnAwake: 0
  m_Volume: 1
  m_Pitch: 1
  Loop: 0
  Mute: 0
  Spatialize: 0
  SpatializePostEffects: 0
  Priority: 128
  DopplerLevel: 1
  MinDistance: 1
  MaxDistance: 500
  Pan2D: 0
  rolloffMode: 2
  BypassEffects: 0
  BypassListenerEffects: 0
  BypassReverbZones: 0
  rolloffCustomCurve:
    serializedVersion: 2
    m_Curve:
    - serializedVersion: 2
      time: 0
      value: 1
      inSlope: 0
      outSlope: 0
      tangentMode: 0
    - serializedVersion: 2
      time: 0.9836066
      value: 0.9999999
      inSlope: 0
      outSlope: 0
      tangentMode: 0
    m_PreInfinity: 2
    m_PostInfinity: 2
    m_RotationOrder: 0
  panLevelCustomCurve:
    serializedVersion: 2
    m_Curve:
    - serializedVersion: 2
      time: 0
      value: 0
      inSlope: 0
      outSlope: 0
      tangentMode: 0
    m_PreInfinity: 2
    m_PostInfinity: 2
    m_RotationOrder: 0
  spreadCustomCurve:
    serializedVersion: 2
    m_Curve:
    - serializedVersion: 2
      time: 0
      value: 0
      inSlope: 0
      outSlope: 0
      tangentMode: 0
    m_PreInfinity: 2
    m_PostInfinity: 2
    m_RotationOrder: 0
  reverbZoneMixCustomCurve:
    serializedVersion: 2
    m_Curve:
    - serializedVersion: 2
      time: 0
      value: 1
      inSlope: 0
      outSlope: 0
      tangentMode: 0
    m_PreInfinity: 2
    m_PostInfinity: 2
    m_RotationOrder: 0
--- !u!114 &114242230259093712
MonoBehaviour:
  m_GameObject: {fileID: 1952649937655221}
  m_Enabled: 1
  m_EditorHideFlags: 0
  m_Script: {fileID: 11500000, guid: 816f303b97b032a4d9e1a96b34158d44, type: 3}
  m_Name:
  m_EditorClassIdentifier:
  Tombstone: {fileID: 0}
  Timer: 0
  Idle:
  RemoveTombstone: 0
  DamageDealt: 0
  Flooped: 0
  Crash: 0
--- !u!114 &114041612415028226
MonoBehaviour:
  m_GameObject: {fileID: 1952649937655221}
  m_Enabled: 1
  m_EditorHideFlags: 0
  m_Script: {fileID: 11500000, guid: 9390b1f887e33a34caef2ef05f3f87a5, type: 3}
  m_Name:
  m_EditorClassIdentifier:
  animTarget: {fileID: 0}
  animName:
--- !u!1 &1871939374340331
GameObject:
  serializedVersion: 5
  m_Component:
  - component: {fileID: 4010938708275119}
  - component: {fileID: 137001043422588916}
  m_Layer: 0
  m_Name: GelatinousCube
  m_TagString: Untagged
  m_Icon: {fileID: 0}
  m_NavMeshLayer: 0
  m_StaticEditorFlags: 0
  m_IsActive: 1
--- !u!4 &4010938708275119
Transform:
  m_GameObject: {fileID: 1871939374340331}
  m_LocalRotation: {x: -0.7071068, y: 0, z: 0, w: 0.7071068}
  m_LocalPosition: {x: -0.0322637, y: 0.05649104, z: 2.469302E-09}
  m_LocalScale: {x: 1, y: 1, z: 1}
  m_Children: []
  m_Father: {fileID: 4449524453232897}
  m_RootOrder: 0
  m_LocalEulerAnglesHint: {x: -90, y: 0, z: 0}
--- !u!137 &137001043422588916
SkinnedMeshRenderer:
  m_GameObject: {fileID: 1871939374340331}
  m_Enabled: 1
  m_CastShadows: 1
  m_ReceiveShadows: 1
  m_DynamicOccludee: 1
  m_MotionVectors: 1
  m_LightProbeUsage: 0
  m_ReflectionProbeUsage: 1
  m_Materials:
  - {fileID: 2100000, guid: b34950d94f3f9be42a4beff6862aa4c7, type: 2}
  m_StaticBatchInfo:
    firstSubMesh: 0
    subMeshCount: 0
  m_StaticBatchRoot: {fileID: 0}
  m_ProbeAnchor: {fileID: 0}
  m_LightProbeVolumeOverride: {fileID: 0}
  m_ScaleInLightmap: 1
  m_PreserveUVs: 0
  m_IgnoreNormalsForChartDetection: 0
  m_ImportantGI: 0
  m_StitchLightmapSeams: 0
  m_SelectedEditorRenderState: 3
  m_MinimumChartSize: 4
  m_AutoUVMaxDistance: 0.5
  m_AutoUVMaxAngle: 89
  m_LightmapParameters: {fileID: 0}
  m_SortingLayerID: 0
  m_SortingLayer: 0
  m_SortingOrder: 0
  serializedVersion: 2
  m_Quality: 0
  m_UpdateWhenOffscreen: 0
  m_skinnedMotionVectors: 0
  m_Mesh: {fileID: 4300000, guid: 9b9b806af9e716d41a9c8ea218ed3e7b, type: 2}
  m_Bones:
  - {fileID: 4834120711488837}
  - {fileID: 4331666273389771}
  - {fileID: 4718229131508836}
  - {fileID: 4542197695384265}
  - {fileID: 4024767004297538}
  - {fileID: 4183709504611385}
  m_BlendShapeWeights: []
  m_RootBone: {fileID: 4834120711488837}
  m_AABB:
    m_Center: {x: -1.2366, y: -0.02893937, z: -0.02241218}
    m_Extent: {x: 1.206223, y: 1.653101, z: 1.657355}
  m_DirtyAABB: 0
--- !u!1 &1827314442361940
GameObject:
  serializedVersion: 5
  m_Component:
  - component: {fileID: 4753294144344358}
  - component: {fileID: 137511058946797651}
  m_Layer: 0
  m_Name: GelatinousCube_Outline
  m_TagString: Untagged
  m_Icon: {fileID: 0}
  m_NavMeshLayer: 0
  m_StaticEditorFlags: 0
  m_IsActive: 1
--- !u!4 &4753294144344358
Transform:
  m_GameObject: {fileID: 1827314442361940}
  m_LocalRotation: {x: -0.7071068, y: 0, z: 0, w: 0.7071068}
  m_LocalPosition: {x: -0.0322637, y: 0.05649104, z: 2.469302E-09}
  m_LocalScale: {x: 1, y: 1, z: 1}
  m_Children: []
  m_Father: {fileID: 4449524453232897}
  m_RootOrder: 1
  m_LocalEulerAnglesHint: {x: -90, y: 0, z: 0}
--- !u!137 &137511058946797651
SkinnedMeshRenderer:
  m_GameObject: {fileID: 1827314442361940}
  m_Enabled: 1
  m_CastShadows: 1
  m_ReceiveShadows: 1
  m_DynamicOccludee: 1
  m_MotionVectors: 1
  m_LightProbeUsage: 0
  m_ReflectionProbeUsage: 1
  m_Materials:
  - {fileID: 2100000, guid: b34950d94f3f9be42a4beff6862aa4c7, type: 2}
  m_StaticBatchInfo:
    firstSubMesh: 0
    subMeshCount: 0
  m_StaticBatchRoot: {fileID: 0}
  m_ProbeAnchor: {fileID: 0}
  m_LightProbeVolumeOverride: {fileID: 0}
  m_ScaleInLightmap: 1
  m_PreserveUVs: 0
  m_IgnoreNormalsForChartDetection: 0
  m_ImportantGI: 0
  m_StitchLightmapSeams: 0
  m_SelectedEditorRenderState: 3
  m_MinimumChartSize: 4
  m_AutoUVMaxDistance: 0.5
  m_AutoUVMaxAngle: 89
  m_LightmapParameters: {fileID: 0}
  m_SortingLayerID: 0
  m_SortingLayer: 0
  m_SortingOrder: 0
  serializedVersion: 2
  m_Quality: 0
  m_UpdateWhenOffscreen: 0
  m_skinnedMotionVectors: 0
  m_Mesh: {fileID: 4300000, guid: b09ce542eed06b146a4a6fb63d13f587, type: 2}
  m_Bones:
  - {fileID: 4834120711488837}
  - {fileID: 4331666273389771}
  - {fileID: 4718229131508836}
  - {fileID: 4542197695384265}
  - {fileID: 4024767004297538}
  - {fileID: 4183709504611385}
  m_BlendShapeWeights: []
  m_RootBone: {fileID: 4834120711488837}
  m_AABB:
    m_Center: {x: -1.238822, y: -0.01638126, z: -0.02258182}
    m_Extent: {x: 1.223537, y: 1.864839, z: 1.869696}
  m_DirtyAABB: 0
--- !u!1 &1973204630693159
GameObject:
  serializedVersion: 5
  m_Component:
  - component: {fileID: 4834120711488837}
  m_Layer: 0
  m_Name: Puppet_Base
  m_TagString: Untagged
  m_Icon: {fileID: 0}
  m_NavMeshLayer: 0
  m_StaticEditorFlags: 0
  m_IsActive: 1
--- !u!4 &4834120711488837
Transform:
  m_GameObject: {fileID: 1973204630693159}
  m_LocalRotation: {x: 0.5000001, y: -0.5000001, z: -0.4999999, w: 0.4999999}
  m_LocalPosition: {x: 0, y: -0.01196718, z: 6.246131E-08}
  m_LocalScale: {x: 1, y: 1, z: 1}
  m_Children:
  - {fileID: 4331666273389771}
  - {fileID: 4183709504611385}
  m_Father: {fileID: 4449524453232897}
  m_RootOrder: 2
  m_LocalEulerAnglesHint: {x: 90.00002, y: 0, z: 90}
--- !u!1 &1150906520886359
GameObject:
  serializedVersion: 5
  m_Component:
  - component: {fileID: 4331666273389771}
  m_Layer: 0
  m_Name: Puppet_Mid
  m_TagString: Untagged
  m_Icon: {fileID: 0}
  m_NavMeshLayer: 0
  m_StaticEditorFlags: 0
  m_IsActive: 1
--- !u!4 &4331666273389771
Transform:
  m_GameObject: {fileID: 1150906520886359}
  m_LocalRotation: {x: -8.742277E-08, y: -3.035389E-22, z: 7.105429E-15, w: 1}
  m_LocalPosition: {x: -0.7391672, y: -2.131628E-14, z: -2.969796E-14}
  m_LocalScale: {x: 0.9999998, y: 0.9999998, z: 1}
  m_Children:
  - {fileID: 4024767004297538}
  - {fileID: 4542197695384265}
  - {fileID: 4718229131508836}
  m_Father: {fileID: 4834120711488837}
  m_RootOrder: 0
  m_LocalEulerAnglesHint: {x: -1.001791E-05, y: -3.639857E-20, z: -8.142222E-13}
--- !u!1 &1089530087206796
GameObject:
  serializedVersion: 5
  m_Component:
  - component: {fileID: 4024767004297538}
  m_Layer: 0
  m_Name: Puppet_L_Arm
  m_TagString: Untagged
  m_Icon: {fileID: 0}
  m_NavMeshLayer: 0
  m_StaticEditorFlags: 0
  m_IsActive: 1
--- !u!4 &4024767004297538
Transform:
  m_GameObject: {fileID: 1089530087206796}
  m_LocalRotation: {x: -8.906921E-16, y: 0.993273, z: 7.12554E-15, w: 0.1157962}
  m_LocalPosition: {x: -0.5668799, y: 0.0698307, z: 1.233709}
  m_LocalScale: {x: 1, y: 1, z: 1}
  m_Children: []
  m_Father: {fileID: 4331666273389771}
  m_RootOrder: 0
  m_LocalEulerAnglesHint: {x: 180, y: -13.2991, z: 180}
--- !u!1 &1652812020825774
GameObject:
  serializedVersion: 5
  m_Component:
  - component: {fileID: 4542197695384265}
  m_Layer: 0
  m_Name: Puppet_R_Arm
  m_TagString: Untagged
  m_Icon: {fileID: 0}
  m_NavMeshLayer: 0
  m_StaticEditorFlags: 0
  m_IsActive: 1
--- !u!4 &4542197695384265
Transform:
  m_GameObject: {fileID: 1652812020825774}
  m_LocalRotation: {x: -1.480091E-08, y: 0.993273, z: 1.725505E-09, w: -0.1157962}
  m_LocalPosition: {x: -0.5668799, y: 0.0698307, z: -1.233709}
  m_LocalScale: {x: 1, y: 1, z: 1}
  m_Children: []
  m_Father: {fileID: 4331666273389771}
  m_RootOrder: 1
  m_LocalEulerAnglesHint: {x: 180, y: 13.2991, z: 180}
--- !u!1 &1019608748686937
GameObject:
  serializedVersion: 5
  m_Component:
  - component: {fileID: 4718229131508836}
  m_Layer: 0
  m_Name: Puppet_Top
  m_TagString: Untagged
  m_Icon: {fileID: 0}
  m_NavMeshLayer: 0
  m_StaticEditorFlags: 0
  m_IsActive: 1
--- !u!4 &4718229131508836
Transform:
  m_GameObject: {fileID: 1019608748686937}
  m_LocalRotation: {x: -5.874158E-07, y: -8.470328E-22, z: -4.975605E-28, w: 1}
  m_LocalPosition: {x: -0.9012501, y: -1.421085E-14, z: 1.684152E-15}
  m_LocalScale: {x: 1, y: 1, z: 1}
  m_Children: []
  m_Father: {fileID: 4331666273389771}
  m_RootOrder: 2
  m_LocalEulerAnglesHint: {x: -6.731289E-05, y: 9.706281E-20, z: 1.279482E-33}
--- !u!1 &1073708366356475
GameObject:
  serializedVersion: 5
  m_Component:
  - component: {fileID: 4183709504611385}
  m_Layer: 0
  m_Name: Puppet_Splat
  m_TagString: Untagged
  m_Icon: {fileID: 0}
  m_NavMeshLayer: 0
  m_StaticEditorFlags: 0
  m_IsActive: 1
--- !u!4 &4183709504611385
Transform:
  m_GameObject: {fileID: 1073708366356475}
  m_LocalRotation: {x: 1.421086E-14, y: 2.117584E-22, z: 7.105428E-15, w: 1}
  m_LocalPosition: {x: 0, y: -5.684342E-14, z: 1.863472E-20}
  m_LocalScale: {x: 0.9999999, y: 0.9999999, z: 1}
  m_Children: []
  m_Father: {fileID: 4834120711488837}
  m_RootOrder: 1
  m_LocalEulerAnglesHint: {x: 1.628444E-12, y: -2.426571E-20, z: -8.142221E-13}
--- !u!1 &1431388813936110
GameObject:
  serializedVersion: 5
  m_Component:
  - component: {fileID: 4378190825222215}
  m_Layer: 0
  m_Name: Puppet_Root
  m_TagString: Untagged
  m_Icon: {fileID: 0}
  m_NavMeshLayer: 0
  m_StaticEditorFlags: 0
  m_IsActive: 1
--- !u!4 &4378190825222215
Transform:
  m_GameObject: {fileID: 1431388813936110}
  m_LocalRotation: {x: -0.7071068, y: 0, z: 0, w: 0.7071068}
  m_LocalPosition: {x: 0, y: 0, z: 0}
  m_LocalScale: {x: 1, y: 1, z: 1}
  m_Children: []
  m_Father: {fileID: 4449524453232897}
  m_RootOrder: 3
  m_LocalEulerAnglesHint: {x: -90, y: 0, z: 0}
