%YAML 1.1
%TAG !u! tag:unity3d.com,2011:
--- !u!1001 &100100000
Prefab:
  serializedVersion: 2
  m_Modification:
    m_TransformParent: {fileID: 0}
    m_Modifications: []
    m_RemovedComponents: []
  m_ParentPrefab: {fileID: 0}
  m_RootGameObject: {fileID: 1822126074101680}
  m_IsPrefabParent: 1
--- !u!1 &1822126074101680
GameObject:
  serializedVersion: 5
  m_Component:
  - component: {fileID: 4367985490616602}
  - component: {fileID: 111379260852869580}
  - component: {fileID: 114484755607742775}
  - component: {fileID: 82136507437346695}
  - component: {fileID: 114709764490588344}
  - component: {fileID: 114846788898786030}
  m_Layer: 0
  m_Name: low_SnappyDresser
  m_TagString: Untagged
  m_Icon: {fileID: 0}
  m_NavMeshLayer: 0
  m_StaticEditorFlags: 0
  m_IsActive: 1
--- !u!4 &4367985490616602
Transform:
  m_GameObject: {fileID: 1822126074101680}
  m_LocalRotation: {x: 0, y: 0, z: 0, w: 1}
  m_LocalPosition: {x: 0, y: 0, z: 0}
  m_LocalScale: {x: 1, y: 1, z: 1}
  m_Children:
  - {fileID: 4180226919180903}
  - {fileID: 4177373281664118}
  - {fileID: 4606273166215086}
  - {fileID: 4150624506824313}
  m_Father: {fileID: 0}
  m_RootOrder: 0
  m_LocalEulerAnglesHint: {x: 0, y: 0, z: 0}
--- !u!111 &111379260852869580
Animation:
  m_GameObject: {fileID: 1822126074101680}
  m_Enabled: 1
  serializedVersion: 3
  m_Animation: {fileID: 0}
  m_Animations:
  - {fileID: 7400000, guid: 0624ae5679a81234ba9e78f5fb067fe3, type: 2}
  - {fileID: 7400000, guid: 3a5f0eda4870f8f45982d62c842021ad, type: 2}
  - {fileID: 7400000, guid: 316eb1bea4764dd468c42b22089931c9, type: 2}
  - {fileID: 7400000, guid: e84bef836c2ecd54da4577a9ef1eaf8f, type: 2}
  - {fileID: 7400000, guid: 2e0c4e004a66bb84aaee5942cf107dc0, type: 2}
  - {fileID: 7400000, guid: 9a239176375c85f40a4f4f846f435f4c, type: 2}
  - {fileID: 7400000, guid: d57db057cb8641d42a36f78cfdbc042b, type: 2}
  - {fileID: 7400000, guid: 11cc4faff5e3e1c4ebc0e5ebf0cff9ed, type: 2}
  m_WrapMode: 0
  m_PlayAutomatically: 0
  m_AnimatePhysics: 0
  m_CullingType: 1
--- !u!114 &114484755607742775
MonoBehaviour:
  m_GameObject: {fileID: 1822126074101680}
  m_Enabled: 1
  m_EditorHideFlags: 0
  m_Script: {fileID: 11500000, guid: 203ebd45b8aad6940846389310fb33f6, type: 3}
  m_Name:
  m_EditorClassIdentifier:
  SpawnEffect: {fileID: 0}
  SpawnAudio: {fileID: 8300000, guid: 9b40a995daeddf0449e4cc9b0a7f130e, type: 3}
  SpawnAudioDelaySecs: 0
  Intro: Handsome_Intro
  Idle: Handsome_Idle
  IntroLength: 2
  hpBar: {fileID: 0}
--- !u!82 &82136507437346695
AudioSource:
  m_GameObject: {fileID: 1822126074101680}
  m_Enabled: 1
  serializedVersion: 4
  OutputAudioMixerGroup: {fileID: 0}
  m_audioClip: {fileID: 0}
  m_PlayOnAwake: 0
  m_Volume: 1
  m_Pitch: 1
  Loop: 0
  Mute: 0
  Spatialize: 0
  SpatializePostEffects: 0
  Priority: 128
  DopplerLevel: 1
  MinDistance: 1
  MaxDistance: 500
  Pan2D: 0
  rolloffMode: 2
  BypassEffects: 0
  BypassListenerEffects: 0
  BypassReverbZones: 0
  rolloffCustomCurve:
    serializedVersion: 2
    m_Curve:
    - serializedVersion: 2
      time: 0
      value: 1
      inSlope: 0
      outSlope: 0
      tangentMode: 0
    - serializedVersion: 2
      time: 1
      value: 1
      inSlope: 0
      outSlope: 0
      tangentMode: 0
    m_PreInfinity: 2
    m_PostInfinity: 2
    m_RotationOrder: 0
  panLevelCustomCurve:
    serializedVersion: 2
    m_Curve:
    - serializedVersion: 2
      time: 0
      value: 0
      inSlope: 0
      outSlope: 0
      tangentMode: 0
    m_PreInfinity: 2
    m_PostInfinity: 2
    m_RotationOrder: 0
  spreadCustomCurve:
    serializedVersion: 2
    m_Curve:
    - serializedVersion: 2
      time: 0
      value: 0
      inSlope: 0
      outSlope: 0
      tangentMode: 0
    m_PreInfinity: 2
    m_PostInfinity: 2
    m_RotationOrder: 0
  reverbZoneMixCustomCurve:
    serializedVersion: 2
    m_Curve:
    - serializedVersion: 2
      time: 0
      value: 1
      inSlope: 0
      outSlope: 0
      tangentMode: 0
    m_PreInfinity: 2
    m_PostInfinity: 2
    m_RotationOrder: 0
--- !u!114 &114709764490588344
MonoBehaviour:
  m_GameObject: {fileID: 1822126074101680}
  m_Enabled: 1
  m_EditorHideFlags: 0
  m_Script: {fileID: 11500000, guid: 816f303b97b032a4d9e1a96b34158d44, type: 3}
  m_Name:
  m_EditorClassIdentifier:
  Tombstone: {fileID: 0}
  Timer: 0
  Idle:
  RemoveTombstone: 0
  DamageDealt: 0
  Flooped: 0
  Crash: 0
--- !u!114 &114846788898786030
MonoBehaviour:
  m_GameObject: {fileID: 1822126074101680}
  m_Enabled: 1
  m_EditorHideFlags: 0
  m_Script: {fileID: 11500000, guid: 9390b1f887e33a34caef2ef05f3f87a5, type: 3}
  m_Name:
  m_EditorClassIdentifier:
  animTarget: {fileID: 0}
  animName:
--- !u!1 &1153768175033183
GameObject:
  serializedVersion: 5
  m_Component:
  - component: {fileID: 4180226919180903}
  - component: {fileID: 137694071988221082}
  m_Layer: 0
  m_Name: HandsomeMan
  m_TagString: Untagged
  m_Icon: {fileID: 0}
  m_NavMeshLayer: 0
  m_StaticEditorFlags: 0
  m_IsActive: 1
--- !u!4 &4180226919180903
Transform:
  m_GameObject: {fileID: 1153768175033183}
  m_LocalRotation: {x: -0.7071068, y: 0, z: 0, w: 0.7071068}
  m_LocalPosition: {x: 0, y: 0, z: 0}
  m_LocalScale: {x: 1, y: 1, z: 1}
  m_Children: []
  m_Father: {fileID: 4367985490616602}
  m_RootOrder: 0
  m_LocalEulerAnglesHint: {x: -90, y: 0, z: 0}
--- !u!137 &137694071988221082
SkinnedMeshRenderer:
  m_GameObject: {fileID: 1153768175033183}
  m_Enabled: 1
  m_CastShadows: 1
  m_ReceiveShadows: 1
  m_DynamicOccludee: 1
  m_MotionVectors: 1
  m_LightProbeUsage: 0
  m_ReflectionProbeUsage: 1
  m_Materials:
  - {fileID: 2100000, guid: 7538d8951e53f4b41b82087fc980d81f, type: 2}
  m_StaticBatchInfo:
    firstSubMesh: 0
    subMeshCount: 0
  m_StaticBatchRoot: {fileID: 0}
  m_ProbeAnchor: {fileID: 0}
  m_LightProbeVolumeOverride: {fileID: 0}
  m_ScaleInLightmap: 1
  m_PreserveUVs: 0
  m_IgnoreNormalsForChartDetection: 0
  m_ImportantGI: 0
  m_StitchLightmapSeams: 0
  m_SelectedEditorRenderState: 3
  m_MinimumChartSize: 4
  m_AutoUVMaxDistance: 0.5
  m_AutoUVMaxAngle: 89
  m_LightmapParameters: {fileID: 0}
  m_SortingLayerID: 0
  m_SortingLayer: 0
  m_SortingOrder: 0
  serializedVersion: 2
  m_Quality: 0
  m_UpdateWhenOffscreen: 0
  m_skinnedMotionVectors: 0
  m_Mesh: {fileID: 4300000, guid: b59dfbd5a130a0a4db38abe951e99416, type: 2}
  m_Bones:
  - {fileID: 4017297825147826}
  - {fileID: 4385844265448401}
  - {fileID: 4606273166215086}
  m_BlendShapeWeights: []
  m_RootBone: {fileID: 4606273166215086}
  m_AABB:
    m_Center: {x: -1.939405, y: 0.1032682, z: -0.04252261}
    m_Extent: {x: 1.943537, y: 0.5410464, z: 0.6916165}
  m_DirtyAABB: 0
--- !u!1 &1967755889188562
GameObject:
  serializedVersion: 5
  m_Component:
  - component: {fileID: 4177373281664118}
  - component: {fileID: 137406968074034915}
  m_Layer: 0
  m_Name: HandsomeMan_Outline
  m_TagString: Untagged
  m_Icon: {fileID: 0}
  m_NavMeshLayer: 0
  m_StaticEditorFlags: 0
  m_IsActive: 1
--- !u!4 &4177373281664118
Transform:
  m_GameObject: {fileID: 1967755889188562}
  m_LocalRotation: {x: -0.7071068, y: 0, z: 0, w: 0.7071068}
  m_LocalPosition: {x: 0, y: 0, z: 0}
  m_LocalScale: {x: 1, y: 1, z: 1}
  m_Children: []
  m_Father: {fileID: 4367985490616602}
  m_RootOrder: 1
  m_LocalEulerAnglesHint: {x: -90, y: 0, z: 0}
--- !u!137 &137406968074034915
SkinnedMeshRenderer:
  m_GameObject: {fileID: 1967755889188562}
  m_Enabled: 1
  m_CastShadows: 1
  m_ReceiveShadows: 1
  m_DynamicOccludee: 1
  m_MotionVectors: 1
  m_LightProbeUsage: 0
  m_ReflectionProbeUsage: 1
  m_Materials:
  - {fileID: 2100000, guid: 7538d8951e53f4b41b82087fc980d81f, type: 2}
  m_StaticBatchInfo:
    firstSubMesh: 0
    subMeshCount: 0
  m_StaticBatchRoot: {fileID: 0}
  m_ProbeAnchor: {fileID: 0}
  m_LightProbeVolumeOverride: {fileID: 0}
  m_ScaleInLightmap: 1
  m_PreserveUVs: 0
  m_IgnoreNormalsForChartDetection: 0
  m_ImportantGI: 0
  m_StitchLightmapSeams: 0
  m_SelectedEditorRenderState: 3
  m_MinimumChartSize: 4
  m_AutoUVMaxDistance: 0.5
  m_AutoUVMaxAngle: 89
  m_LightmapParameters: {fileID: 0}
  m_SortingLayerID: 0
  m_SortingLayer: 0
  m_SortingOrder: 0
  serializedVersion: 2
  m_Quality: 0
  m_UpdateWhenOffscreen: 0
  m_skinnedMotionVectors: 0
  m_Mesh: {fileID: 4300000, guid: 18ae66a5c34dec9478606241fdcc3d65, type: 2}
  m_Bones:
  - {fileID: 4017297825147826}
  - {fileID: 4385844265448401}
  - {fileID: 4606273166215086}
  m_BlendShapeWeights: []
  m_RootBone: {fileID: 4606273166215086}
  m_AABB:
    m_Center: {x: -1.93817, y: 0.1033214, z: -0.04210848}
    m_Extent: {x: 1.951963, y: 0.5509146, z: 0.7004884}
  m_DirtyAABB: 0
--- !u!1 &1837552429371992
GameObject:
  serializedVersion: 5
  m_Component:
  - component: {fileID: 4606273166215086}
  m_Layer: 0
  m_Name: Puppet_Base
  m_TagString: Untagged
  m_Icon: {fileID: 0}
  m_NavMeshLayer: 0
  m_StaticEditorFlags: 0
  m_IsActive: 1
--- !u!4 &4606273166215086
Transform:
  m_GameObject: {fileID: 1837552429371992}
  m_LocalRotation: {x: 0.5000001, y: -0.5000001, z: -0.4999999, w: 0.4999999}
  m_LocalPosition: {x: 0, y: -0.0133996, z: 6.993821E-08}
  m_LocalScale: {x: 1, y: 1, z: 1}
  m_Children:
  - {fileID: 4017297825147826}
  m_Father: {fileID: 4367985490616602}
  m_RootOrder: 2
  m_LocalEulerAnglesHint: {x: 90.00002, y: 0, z: 90}
--- !u!1 &1789901351638946
GameObject:
  serializedVersion: 5
  m_Component:
  - component: {fileID: 4017297825147826}
  m_Layer: 0
  m_Name: Puppet_Mid
  m_TagString: Untagged
  m_Icon: {fileID: 0}
  m_NavMeshLayer: 0
  m_StaticEditorFlags: 0
  m_IsActive: 1
--- !u!4 &4017297825147826
Transform:
  m_GameObject: {fileID: 1789901351638946}
  m_LocalRotation: {x: -8.742277E-08, y: -3.035389E-22, z: 7.105429E-15, w: 1}
  m_LocalPosition: {x: -1.785213, y: 7.105427E-15, z: -3.304296E-14}
  m_LocalScale: {x: 0.9999998, y: 0.9999998, z: 1}
  m_Children:
  - {fileID: 4385844265448401}
  m_Father: {fileID: 4606273166215086}
  m_RootOrder: 0
  m_LocalEulerAnglesHint: {x: -1.001791E-05, y: -3.639857E-20, z: -8.142222E-13}
--- !u!1 &1181794868728215
GameObject:
  serializedVersion: 5
  m_Component:
  - component: {fileID: 4385844265448401}
  m_Layer: 0
  m_Name: Puppet_Top
  m_TagString: Untagged
  m_Icon: {fileID: 0}
  m_NavMeshLayer: 0
  m_StaticEditorFlags: 0
  m_IsActive: 1
--- !u!4 &4385844265448401
Transform:
  m_GameObject: {fileID: 1181794868728215}
  m_LocalRotation: {x: -5.874158E-07, y: -8.470328E-22, z: -4.975605E-28, w: 1}
  m_LocalPosition: {x: -1.17217, y: -0.1125726, z: 2.19187E-08}
  m_LocalScale: {x: 1, y: 1, z: 1}
  m_Children: []
  m_Father: {fileID: 4017297825147826}
  m_RootOrder: 0
  m_LocalEulerAnglesHint: {x: -6.731289E-05, y: 9.706281E-20, z: 1.279482E-33}
--- !u!1 &1187591157802610
GameObject:
  serializedVersion: 5
  m_Component:
  - component: {fileID: 4150624506824313}
  m_Layer: 0
  m_Name: Puppet_Root
  m_TagString: Untagged
  m_Icon: {fileID: 0}
  m_NavMeshLayer: 0
  m_StaticEditorFlags: 0
  m_IsActive: 1
--- !u!4 &4150624506824313
Transform:
  m_GameObject: {fileID: 1187591157802610}
  m_LocalRotation: {x: -0.7071068, y: 0, z: 0, w: 0.7071068}
  m_LocalPosition: {x: 0, y: 0, z: 0}
  m_LocalScale: {x: 1, y: 1, z: 1}
  m_Children: []
  m_Father: {fileID: 4367985490616602}
  m_RootOrder: 3
  m_LocalEulerAnglesHint: {x: -90, y: 0, z: 0}
