%YAML 1.1
%TAG !u! tag:unity3d.com,2011:
--- !u!1001 &100100000
Prefab:
  serializedVersion: 2
  m_Modification:
    m_TransformParent: {fileID: 0}
    m_Modifications: []
    m_RemovedComponents: []
  m_ParentPrefab: {fileID: 0}
  m_RootGameObject: {fileID: 1512603288597791}
  m_IsPrefabParent: 1
--- !u!1 &1512603288597791
GameObject:
  serializedVersion: 5
  m_Component:
  - component: {fileID: 4759028390834961}
  - component: {fileID: 111717095926120933}
  - component: {fileID: 114756394412214192}
  - component: {fileID: 82106648878071472}
  - component: {fileID: 114582870121738350}
  - component: {fileID: 114317543882869075}
  m_Layer: 0
  m_Name: low_IceKnight
  m_TagString: Untagged
  m_Icon: {fileID: 0}
  m_NavMeshLayer: 0
  m_StaticEditorFlags: 0
  m_IsActive: 1
--- !u!4 &4759028390834961
Transform:
  m_GameObject: {fileID: 1512603288597791}
  m_LocalRotation: {x: 0, y: 0, z: 0, w: 1}
  m_LocalPosition: {x: 0, y: 0, z: 0}
  m_LocalScale: {x: 1, y: 1, z: 1}
  m_Children:
  - {fileID: 4196519870983039}
  - {fileID: 4655672055902273}
  - {fileID: 4248345065633170}
  - {fileID: 4018058083031554}
  m_Father: {fileID: 0}
  m_RootOrder: 0
  m_LocalEulerAnglesHint: {x: 0, y: 0, z: 0}
--- !u!111 &111717095926120933
Animation:
  m_GameObject: {fileID: 1512603288597791}
  m_Enabled: 1
  serializedVersion: 3
  m_Animation: {fileID: 0}
  m_Animations:
  - {fileID: 7400000, guid: 8049d5b82b99e914aa0437bcc1527757, type: 2}
  - {fileID: 7400000, guid: 5a0906fa68f01424db43ecb42f1d3963, type: 2}
  - {fileID: 7400000, guid: 316eb1bea4764dd468c42b22089931c9, type: 2}
  - {fileID: 7400000, guid: e84bef836c2ecd54da4577a9ef1eaf8f, type: 2}
  - {fileID: 7400000, guid: 2e0c4e004a66bb84aaee5942cf107dc0, type: 2}
  - {fileID: 7400000, guid: 9a239176375c85f40a4f4f846f435f4c, type: 2}
  - {fileID: 7400000, guid: d57db057cb8641d42a36f78cfdbc042b, type: 2}
  - {fileID: 7400000, guid: 11cc4faff5e3e1c4ebc0e5ebf0cff9ed, type: 2}
  m_WrapMode: 0
  m_PlayAutomatically: 0
  m_AnimatePhysics: 0
  m_CullingType: 1
--- !u!114 &114756394412214192
MonoBehaviour:
  m_GameObject: {fileID: 1512603288597791}
  m_Enabled: 1
  m_EditorHideFlags: 0
  m_Script: {fileID: 11500000, guid: 203ebd45b8aad6940846389310fb33f6, type: 3}
  m_Name:
  m_EditorClassIdentifier:
  SpawnEffect: {fileID: 0}
  SpawnAudio: {fileID: 8300000, guid: daad517ee75128a4281953f4258bfd4d, type: 3}
  SpawnAudioDelaySecs: 0
  Intro: IceKnight_Intro
  Idle: IceKnight_Idle
  IntroLength: 0
  hpBar: {fileID: 0}
--- !u!82 &82106648878071472
AudioSource:
  m_GameObject: {fileID: 1512603288597791}
  m_Enabled: 1
  serializedVersion: 4
  OutputAudioMixerGroup: {fileID: 0}
  m_audioClip: {fileID: 0}
  m_PlayOnAwake: 0
  m_Volume: 1
  m_Pitch: 1
  Loop: 0
  Mute: 0
  Spatialize: 0
  SpatializePostEffects: 0
  Priority: 128
  DopplerLevel: 1
  MinDistance: 1
  MaxDistance: 500
  Pan2D: 0
  rolloffMode: 0
  BypassEffects: 0
  BypassListenerEffects: 0
  BypassReverbZones: 0
  rolloffCustomCurve:
    serializedVersion: 2
    m_Curve:
    - serializedVersion: 2
      time: 0
      value: 1
      inSlope: 0
      outSlope: 0
      tangentMode: 0
    - serializedVersion: 2
      time: 1
      value: 0
      inSlope: 0
      outSlope: 0
      tangentMode: 0
    m_PreInfinity: 2
    m_PostInfinity: 2
    m_RotationOrder: 0
  panLevelCustomCurve:
    serializedVersion: 2
    m_Curve:
    - serializedVersion: 2
      time: 0
      value: 0
      inSlope: 0
      outSlope: 0
      tangentMode: 0
    m_PreInfinity: 2
    m_PostInfinity: 2
    m_RotationOrder: 0
  spreadCustomCurve:
    serializedVersion: 2
    m_Curve:
    - serializedVersion: 2
      time: 0
      value: 0
      inSlope: 0
      outSlope: 0
      tangentMode: 0
    m_PreInfinity: 2
    m_PostInfinity: 2
    m_RotationOrder: 0
  reverbZoneMixCustomCurve:
    serializedVersion: 2
    m_Curve:
    - serializedVersion: 2
      time: 0
      value: 1
      inSlope: 0
      outSlope: 0
      tangentMode: 0
    m_PreInfinity: 2
    m_PostInfinity: 2
    m_RotationOrder: 0
--- !u!114 &114582870121738350
MonoBehaviour:
  m_GameObject: {fileID: 1512603288597791}
  m_Enabled: 1
  m_EditorHideFlags: 0
  m_Script: {fileID: 11500000, guid: 816f303b97b032a4d9e1a96b34158d44, type: 3}
  m_Name:
  m_EditorClassIdentifier:
  Tombstone: {fileID: 0}
  Timer: 0
  Idle:
  RemoveTombstone: 0
  DamageDealt: 0
  Flooped: 0
  Crash: 0
--- !u!114 &114317543882869075
MonoBehaviour:
  m_GameObject: {fileID: 1512603288597791}
  m_Enabled: 1
  m_EditorHideFlags: 0
  m_Script: {fileID: 11500000, guid: 9390b1f887e33a34caef2ef05f3f87a5, type: 3}
  m_Name:
  m_EditorClassIdentifier:
  animTarget: {fileID: 0}
  animName:
--- !u!1 &1273974813990576
GameObject:
  serializedVersion: 5
  m_Component:
  - component: {fileID: 4196519870983039}
  - component: {fileID: 137504949054918715}
  m_Layer: 0
  m_Name: IceKnight
  m_TagString: Untagged
  m_Icon: {fileID: 0}
  m_NavMeshLayer: 0
  m_StaticEditorFlags: 0
  m_IsActive: 1
--- !u!4 &4196519870983039
Transform:
  m_GameObject: {fileID: 1273974813990576}
  m_LocalRotation: {x: -0.7071068, y: 0, z: 0, w: 0.7071068}
  m_LocalPosition: {x: 0, y: 0, z: 8.795496E-08}
  m_LocalScale: {x: 1, y: 1, z: 1}
  m_Children: []
  m_Father: {fileID: 4759028390834961}
  m_RootOrder: 0
  m_LocalEulerAnglesHint: {x: -90, y: 0, z: 0}
--- !u!137 &137504949054918715
SkinnedMeshRenderer:
  m_GameObject: {fileID: 1273974813990576}
  m_Enabled: 1
  m_CastShadows: 1
  m_ReceiveShadows: 1
  m_DynamicOccludee: 1
  m_MotionVectors: 1
  m_LightProbeUsage: 0
  m_ReflectionProbeUsage: 1
  m_Materials:
  - {fileID: 2100000, guid: ddacc29c9994828409579c2f7a2f3c2c, type: 2}
  m_StaticBatchInfo:
    firstSubMesh: 0
    subMeshCount: 0
  m_StaticBatchRoot: {fileID: 0}
  m_ProbeAnchor: {fileID: 0}
  m_LightProbeVolumeOverride: {fileID: 0}
  m_ScaleInLightmap: 1
  m_PreserveUVs: 0
  m_IgnoreNormalsForChartDetection: 0
  m_ImportantGI: 0
  m_StitchLightmapSeams: 0
  m_SelectedEditorRenderState: 3
  m_MinimumChartSize: 4
  m_AutoUVMaxDistance: 0.5
  m_AutoUVMaxAngle: 89
  m_LightmapParameters: {fileID: 0}
  m_SortingLayerID: 0
  m_SortingLayer: 0
  m_SortingOrder: 0
  serializedVersion: 2
  m_Quality: 0
  m_UpdateWhenOffscreen: 0
  m_skinnedMotionVectors: 0
  m_Mesh: {fileID: 4300000, guid: 0a6a8d6968b920a44bc342a5f3ef14aa, type: 2}
  m_Bones:
  - {fileID: 4301553701542386}
  - {fileID: 4927110416749886}
  - {fileID: 4634779278046812}
  - {fileID: 4457765156705506}
  - {fileID: 4730670134694971}
  - {fileID: 4283230729295620}
  - {fileID: 4529857345684704}
  - {fileID: 4330993267798827}
  - {fileID: 4677894911477596}
  - {fileID: 4842016106920368}
  - {fileID: 4182810423755831}
  - {fileID: 4248345065633170}
  - {fileID: 4439356192912065}
  - {fileID: 4197337680414880}
  - {fileID: 4304868247225657}
  - {fileID: 4449850811499522}
  - {fileID: 4384130047381677}
  - {fileID: 4681175213441437}
  - {fileID: 4328608402074460}
  - {fileID: 4253637843233387}
  - {fileID: 4179844353523221}
  m_BlendShapeWeights: []
  m_RootBone: {fileID: 4248345065633170}
  m_AABB:
    m_Center: {x: -0.4945381, y: 0.2289321, z: -0.0004975796}
    m_Extent: {x: 2.327728, y: 1.398114, z: 2.005072}
  m_DirtyAABB: 0
--- !u!1 &1542150959379651
GameObject:
  serializedVersion: 5
  m_Component:
  - component: {fileID: 4655672055902273}
  - component: {fileID: 137684416397393309}
  m_Layer: 0
  m_Name: IceKnight_Outline
  m_TagString: Untagged
  m_Icon: {fileID: 0}
  m_NavMeshLayer: 0
  m_StaticEditorFlags: 0
  m_IsActive: 1
--- !u!4 &4655672055902273
Transform:
  m_GameObject: {fileID: 1542150959379651}
  m_LocalRotation: {x: -0.7071068, y: 0, z: 0, w: 0.7071068}
  m_LocalPosition: {x: 0, y: 0, z: 8.795496E-08}
  m_LocalScale: {x: 1, y: 1, z: 1}
  m_Children: []
  m_Father: {fileID: 4759028390834961}
  m_RootOrder: 1
  m_LocalEulerAnglesHint: {x: -90, y: 0, z: 0}
--- !u!137 &137684416397393309
SkinnedMeshRenderer:
  m_GameObject: {fileID: 1542150959379651}
  m_Enabled: 1
  m_CastShadows: 1
  m_ReceiveShadows: 1
  m_DynamicOccludee: 1
  m_MotionVectors: 1
  m_LightProbeUsage: 0
  m_ReflectionProbeUsage: 1
  m_Materials:
  - {fileID: 2100000, guid: ddacc29c9994828409579c2f7a2f3c2c, type: 2}
  m_StaticBatchInfo:
    firstSubMesh: 0
    subMeshCount: 0
  m_StaticBatchRoot: {fileID: 0}
  m_ProbeAnchor: {fileID: 0}
  m_LightProbeVolumeOverride: {fileID: 0}
  m_ScaleInLightmap: 1
  m_PreserveUVs: 0
  m_IgnoreNormalsForChartDetection: 0
  m_ImportantGI: 0
  m_StitchLightmapSeams: 0
  m_SelectedEditorRenderState: 3
  m_MinimumChartSize: 4
  m_AutoUVMaxDistance: 0.5
  m_AutoUVMaxAngle: 89
  m_LightmapParameters: {fileID: 0}
  m_SortingLayerID: 0
  m_SortingLayer: 0
  m_SortingOrder: 0
  serializedVersion: 2
  m_Quality: 0
  m_UpdateWhenOffscreen: 0
  m_skinnedMotionVectors: 0
  m_Mesh: {fileID: 4300000, guid: 71e789cc6c4fadb4d942d9441535492c, type: 2}
  m_Bones:
  - {fileID: 4301553701542386}
  - {fileID: 4927110416749886}
  - {fileID: 4634779278046812}
  - {fileID: 4457765156705506}
  - {fileID: 4730670134694971}
  - {fileID: 4283230729295620}
  - {fileID: 4529857345684704}
  - {fileID: 4330993267798827}
  - {fileID: 4677894911477596}
  - {fileID: 4842016106920368}
  - {fileID: 4182810423755831}
  - {fileID: 4248345065633170}
  - {fileID: 4439356192912065}
  - {fileID: 4197337680414880}
  - {fileID: 4304868247225657}
  - {fileID: 4449850811499522}
  - {fileID: 4384130047381677}
  - {fileID: 4681175213441437}
  - {fileID: 4328608402074460}
  - {fileID: 4253637843233387}
  - {fileID: 4179844353523221}
  m_BlendShapeWeights: []
  m_RootBone: {fileID: 4248345065633170}
  m_AABB:
    m_Center: {x: -0.4908216, y: 0.2277744, z: -0.0004858971}
    m_Extent: {x: 2.348951, y: 1.416054, z: 2.026504}
  m_DirtyAABB: 0
--- !u!1 &1022661288329770
GameObject:
  serializedVersion: 5
  m_Component:
  - component: {fileID: 4248345065633170}
  m_Layer: 0
  m_Name: Puppet_Pelvis
  m_TagString: Untagged
  m_Icon: {fileID: 0}
  m_NavMeshLayer: 0
  m_StaticEditorFlags: 0
  m_IsActive: 1
--- !u!4 &4248345065633170
Transform:
  m_GameObject: {fileID: 1022661288329770}
  m_LocalRotation: {x: 0.5000001, y: -0.5000001, z: -0.5, w: 0.5}
  m_LocalPosition: {x: 2.222692E-08, y: 1.630306, z: -0.2354868}
  m_LocalScale: {x: 1, y: 0.9999999, z: 0.9999999}
  m_Children:
  - {fileID: 4439356192912065}
  - {fileID: 4197337680414880}
  - {fileID: 4328608402074460}
  - {fileID: 4182810423755831}
  m_Father: {fileID: 4759028390834961}
  m_RootOrder: 2
  m_LocalEulerAnglesHint: {x: 90.00001, y: 0, z: 90}
--- !u!1 &1613088123328948
GameObject:
  serializedVersion: 5
  m_Component:
  - component: {fileID: 4439356192912065}
  m_Layer: 0
  m_Name: Puppet_L_Thigh
  m_TagString: Untagged
  m_Icon: {fileID: 0}
  m_NavMeshLayer: 0
  m_StaticEditorFlags: 0
  m_IsActive: 1
--- !u!4 &4439356192912065
Transform:
  m_GameObject: {fileID: 1613088123328948}
  m_LocalRotation: {x: -0.04003772, y: 0.9991618, z: -0.001139047, w: 0.008451734}
  m_LocalPosition: {x: -0.08385813, y: -0.004289478, z: 0.436262}
  m_LocalScale: {x: 0.9999999, y: 0.9999999, z: 0.9999998}
  m_Children:
  - {fileID: 4384130047381677}
  m_Father: {fileID: 4248345065633170}
  m_RootOrder: 0
  m_LocalEulerAnglesHint: {x: -179.8308, y: -0.9625049, z: 175.4092}
--- !u!1 &1829634834843633
GameObject:
  serializedVersion: 5
  m_Component:
  - component: {fileID: 4384130047381677}
  m_Layer: 0
  m_Name: Puppet_L_Calf
  m_TagString: Untagged
  m_Icon: {fileID: 0}
  m_NavMeshLayer: 0
  m_StaticEditorFlags: 0
  m_IsActive: 1
--- !u!4 &4384130047381677
Transform:
  m_GameObject: {fileID: 1829634834843633}
  m_LocalRotation: {x: -0.006357911, y: -0.001866834, z: 0.1304366, w: 0.9914345}
  m_LocalPosition: {x: -0.7591953, y: -1.788139E-07, z: 8.940697E-08}
  m_LocalScale: {x: 1, y: 1, z: 1}
  m_Children:
  - {fileID: 4681175213441437}
  m_Father: {fileID: 4439356192912065}
  m_RootOrder: 0
  m_LocalEulerAnglesHint: {x: -0.7502489, y: 0.1170598, z: -14.99075}
--- !u!1 &1059840882986635
GameObject:
  serializedVersion: 5
  m_Component:
  - component: {fileID: 4681175213441437}
  m_Layer: 0
  m_Name: Puppet_L_Foot
  m_TagString: Untagged
  m_Icon: {fileID: 0}
  m_NavMeshLayer: 0
  m_StaticEditorFlags: 0
  m_IsActive: 1
--- !u!4 &4681175213441437
Transform:
  m_GameObject: {fileID: 1059840882986635}
  m_LocalRotation: {x: 0.0004503618, y: 0.01178155, z: -0.5692075, w: 0.8221093}
  m_LocalPosition: {x: -0.7885456, y: -8.642673E-07, z: -1.192093E-07}
  m_LocalScale: {x: 1, y: 1, z: 0.9999999}
  m_Children: []
  m_Father: {fileID: 4384130047381677}
  m_RootOrder: 0
  m_LocalEulerAnglesHint: {x: -0.7262039, y: -1.139353, z: 69.4027}
--- !u!1 &1630386343873230
GameObject:
  serializedVersion: 5
  m_Component:
  - component: {fileID: 4197337680414880}
  m_Layer: 0
  m_Name: Puppet_R_Thigh
  m_TagString: Untagged
  m_Icon: {fileID: 0}
  m_NavMeshLayer: 0
  m_StaticEditorFlags: 0
  m_IsActive: 1
--- !u!4 &4197337680414880
Transform:
  m_GameObject: {fileID: 1630386343873230}
  m_LocalRotation: {x: -0.04003743, y: 0.9991618, z: 0.001139119, w: -0.008451924}
  m_LocalPosition: {x: -0.08385813, y: -0.004289448, z: -0.436262}
  m_LocalScale: {x: 0.9999999, y: 0.9999999, z: 1}
  m_Children:
  - {fileID: 4304868247225657}
  m_Father: {fileID: 4248345065633170}
  m_RootOrder: 1
  m_LocalEulerAnglesHint: {x: 179.8308, y: 0.9625263, z: 175.4092}
--- !u!1 &1196556427240413
GameObject:
  serializedVersion: 5
  m_Component:
  - component: {fileID: 4304868247225657}
  m_Layer: 0
  m_Name: Puppet_R_Calf
  m_TagString: Untagged
  m_Icon: {fileID: 0}
  m_NavMeshLayer: 0
  m_StaticEditorFlags: 0
  m_IsActive: 1
--- !u!4 &4304868247225657
Transform:
  m_GameObject: {fileID: 1196556427240413}
  m_LocalRotation: {x: 0.006341996, y: 0.001988915, z: 0.1305564, w: 0.9914187}
  m_LocalPosition: {x: -0.7591953, y: -1.862645E-07, z: 2.980232E-08}
  m_LocalScale: {x: 1, y: 1, z: 0.9999998}
  m_Children:
  - {fileID: 4449850811499522}
  m_Father: {fileID: 4197337680414880}
  m_RootOrder: 0
  m_LocalEulerAnglesHint: {x: 0.7502816, y: -0.1310766, z: -15.00469}
--- !u!1 &1270876204616748
GameObject:
  serializedVersion: 5
  m_Component:
  - component: {fileID: 4449850811499522}
  m_Layer: 0
  m_Name: Puppet_R_Foot
  m_TagString: Untagged
  m_Icon: {fileID: 0}
  m_NavMeshLayer: 0
  m_StaticEditorFlags: 0
  m_IsActive: 1
--- !u!4 &4449850811499522
Transform:
  m_GameObject: {fileID: 1270876204616748}
  m_LocalRotation: {x: -0.0006046817, y: -0.01220854, z: -0.5694147, w: 0.8219596}
  m_LocalPosition: {x: -0.7885454, y: -8.940697E-07, z: -2.086163E-07}
  m_LocalScale: {x: 1, y: 0.9999999, z: 0.9999999}
  m_Children: []
  m_Father: {fileID: 4304868247225657}
  m_RootOrder: 0
  m_LocalEulerAnglesHint: {x: 0.7398338, y: 1.189459, z: 69.43246}
--- !u!1 &1651900068199293
GameObject:
  serializedVersion: 5
  m_Component:
  - component: {fileID: 4328608402074460}
  m_Layer: 0
  m_Name: Puppet_Sheath01
  m_TagString: Untagged
  m_Icon: {fileID: 0}
  m_NavMeshLayer: 0
  m_StaticEditorFlags: 0
  m_IsActive: 1
--- !u!4 &4328608402074460
Transform:
  m_GameObject: {fileID: 1651900068199293}
  m_LocalRotation: {x: 0.1379895, y: 0.8562328, z: -0.3963778, w: 0.3011793}
  m_LocalPosition: {x: -0.587405, y: 0.1604006, z: 0.8045274}
  m_LocalScale: {x: 1, y: 1, z: 0.9999999}
  m_Children:
  - {fileID: 4253637843233387}
  m_Father: {fileID: 4248345065633170}
  m_RootOrder: 2
  m_LocalEulerAnglesHint: {x: -130.2547, y: -38.69328, z: 179.8195}
--- !u!1 &1369575967799635
GameObject:
  serializedVersion: 5
  m_Component:
  - component: {fileID: 4253637843233387}
  m_Layer: 0
  m_Name: Puppet_Sheath02
  m_TagString: Untagged
  m_Icon: {fileID: 0}
  m_NavMeshLayer: 0
  m_StaticEditorFlags: 0
  m_IsActive: 1
--- !u!4 &4253637843233387
Transform:
  m_GameObject: {fileID: 1369575967799635}
  m_LocalRotation: {x: -0.1261365, y: 0.1776058, z: -0.05444678, w: 0.9744647}
  m_LocalPosition: {x: -0.5108148, y: -0.004814625, z: -0.01923895}
  m_LocalScale: {x: 0.9999997, y: 1, z: 1}
  m_Children: []
  m_Father: {fileID: 4328608402074460}
  m_RootOrder: 0
  m_LocalEulerAnglesHint: {x: -16.32938, y: -19.41486, z: 9.207895}
--- !u!1 &1956528757636462
GameObject:
  serializedVersion: 5
  m_Component:
  - component: {fileID: 4182810423755831}
  m_Layer: 0
  m_Name: Puppet_Spine
  m_TagString: Untagged
  m_Icon: {fileID: 0}
  m_NavMeshLayer: 0
  m_StaticEditorFlags: 0
  m_IsActive: 1
--- !u!4 &4182810423755831
Transform:
  m_GameObject: {fileID: 1956528757636462}
  m_LocalRotation: {x: 1.000775E-07, y: -2.163245E-08, z: -0.03063516, w: 0.9995307}
  m_LocalPosition: {x: -0.15448, y: -0.006226242, z: 2.296766E-08}
  m_LocalScale: {x: 0.9999998, y: 1, z: 1}
  m_Children:
  - {fileID: 4842016106920368}
  m_Father: {fileID: 4248345065633170}
  m_RootOrder: 3
  m_LocalEulerAnglesHint: {x: 1.153859E-05, y: 2.126408E-06, z: 3.51108}
--- !u!1 &1434800338341717
GameObject:
  serializedVersion: 5
  m_Component:
  - component: {fileID: 4842016106920368}
  m_Layer: 0
  m_Name: Puppet_Spine1
  m_TagString: Untagged
  m_Icon: {fileID: 0}
  m_NavMeshLayer: 0
  m_StaticEditorFlags: 0
  m_IsActive: 1
--- !u!4 &4842016106920368
Transform:
  m_GameObject: {fileID: 1434800338341717}
  m_LocalRotation: {x: -8.49187E-08, y: 2.153389E-08, z: 0.02593371, w: 0.9996637}
  m_LocalPosition: {x: -0.6718545, y: 0, z: 4.95325E-09}
  m_LocalScale: {x: 1, y: 1, z: 1}
  m_Children:
  - {fileID: 4677894911477596}
  - {fileID: 4457765156705506}
  - {fileID: 4529857345684704}
  m_Father: {fileID: 4182810423755831}
  m_RootOrder: 0
  m_LocalEulerAnglesHint: {x: -9.6637E-06, y: -2.719132E-06, z: -2.972117}
--- !u!1 &1084024736906937
GameObject:
  serializedVersion: 5
  m_Component:
  - component: {fileID: 4677894911477596}
  m_Layer: 0
  m_Name: Puppet_Head
  m_TagString: Untagged
  m_Icon: {fileID: 0}
  m_NavMeshLayer: 0
  m_StaticEditorFlags: 0
  m_IsActive: 1
--- !u!4 &4677894911477596
Transform:
  m_GameObject: {fileID: 1084024736906937}
  m_LocalRotation: {x: -1.539527E-07, y: -5.994937E-08, z: -0.08715587, w: 0.9961947}
  m_LocalPosition: {x: -1.086045, y: -0.09118062, z: -1.009339E-08}
  m_LocalScale: {x: 1, y: 1.000001, z: 1}
  m_Children: []
  m_Father: {fileID: 4842016106920368}
  m_RootOrder: 0
  m_LocalEulerAnglesHint: {x: -1.697582E-05, y: 8.381126E-06, z: 10.00001}
--- !u!1 &1143492056848653
GameObject:
  serializedVersion: 5
  m_Component:
  - component: {fileID: 4457765156705506}
  m_Layer: 0
  m_Name: Puppet_L_Clavicle
  m_TagString: Untagged
  m_Icon: {fileID: 0}
  m_NavMeshLayer: 0
  m_StaticEditorFlags: 0
  m_IsActive: 1
--- !u!4 &4457765156705506
Transform:
  m_GameObject: {fileID: 1143492056848653}
  m_LocalRotation: {x: 0.004480007, y: 0.7383096, z: 0.02595482, w: 0.6739475}
  m_LocalPosition: {x: -0.7703257, y: 0.04293814, z: 0.102381}
  m_LocalScale: {x: 1, y: 1.000001, z: 1.000001}
  m_Children:
  - {fileID: 4634779278046812}
  m_Father: {fileID: 4842016106920368}
  m_RootOrder: 1
  m_LocalEulerAnglesHint: {x: 153.8208, y: -84.22872, z: -155.5632}
--- !u!1 &1722175619341755
GameObject:
  serializedVersion: 5
  m_Component:
  - component: {fileID: 4634779278046812}
  m_Layer: 0
  m_Name: Puppet_L_UpperArm
  m_TagString: Untagged
  m_Icon: {fileID: 0}
  m_NavMeshLayer: 0
  m_StaticEditorFlags: 0
  m_IsActive: 1
--- !u!4 &4634779278046812
Transform:
  m_GameObject: {fileID: 1722175619341755}
  m_LocalRotation: {x: -0.6340305, y: 0.2647385, z: 0.2133835, w: 0.6945404}
  m_LocalPosition: {x: -0.9099441, y: 2.607703E-07, z: 2.384186E-07}
  m_LocalScale: {x: 1, y: 1, z: 1}
  m_Children:
  - {fileID: 4301553701542386}
  m_Father: {fileID: 4457765156705506}
  m_RootOrder: 0
  m_LocalEulerAnglesHint: {x: -85.84019, y: -39.66713, z: 2.926306}
--- !u!1 &1839247021378299
GameObject:
  serializedVersion: 5
  m_Component:
  - component: {fileID: 4301553701542386}
  m_Layer: 0
  m_Name: Puppet_L_Forearm
  m_TagString: Untagged
  m_Icon: {fileID: 0}
  m_NavMeshLayer: 0
  m_StaticEditorFlags: 0
  m_IsActive: 1
--- !u!4 &4301553701542386
Transform:
  m_GameObject: {fileID: 1839247021378299}
  m_LocalRotation: {x: -0.06745009, y: 0.02368921, z: 0.2523733, w: 0.9649855}
  m_LocalPosition: {x: -0.8051772, y: -1.192093E-06, z: 4.172325E-07}
  m_LocalScale: {x: 1, y: 0.9999999, z: 0.9999999}
  m_Children:
  - {fileID: 4927110416749886}
  m_Father: {fileID: 4634779278046812}
  m_RootOrder: 0
  m_LocalEulerAnglesHint: {x: -6.81117, y: -4.575041, z: -29.04027}
--- !u!1 &1864139239606141
GameObject:
  serializedVersion: 5
  m_Component:
  - component: {fileID: 4927110416749886}
  m_Layer: 0
  m_Name: Puppet_L_Hand
  m_TagString: Untagged
  m_Icon: {fileID: 0}
  m_NavMeshLayer: 0
  m_StaticEditorFlags: 0
  m_IsActive: 1
--- !u!4 &4927110416749886
Transform:
  m_GameObject: {fileID: 1864139239606141}
  m_LocalRotation: {x: 0.01033702, y: -0.04711837, z: 0.1476074, w: 0.987869}
  m_LocalPosition: {x: -0.6181649, y: 2.384186E-07, z: 1.713634E-07}
  m_LocalScale: {x: 0.9999999, y: 1, z: 1}
  m_Children: []
  m_Father: {fileID: 4301553701542386}
  m_RootOrder: 0
  m_LocalEulerAnglesHint: {x: 0.3749184, y: 5.517236, z: -16.97846}
--- !u!1 &1625781199434033
GameObject:
  serializedVersion: 5
  m_Component:
  - component: {fileID: 4529857345684704}
  m_Layer: 0
  m_Name: Puppet_R_Clavicle
  m_TagString: Untagged
  m_Icon: {fileID: 0}
  m_NavMeshLayer: 0
  m_StaticEditorFlags: 0
  m_IsActive: 1
--- !u!4 &4529857345684704
Transform:
  m_GameObject: {fileID: 1625781199434033}
  m_LocalRotation: {x: -0.00447819, y: -0.7383095, z: 0.0259564, w: 0.6739476}
  m_LocalPosition: {x: -0.7703257, y: 0.04293814, z: -0.102381}
  m_LocalScale: {x: 0.9999999, y: 1.000001, z: 1.000001}
  m_Children:
  - {fileID: 4330993267798827}
  m_Father: {fileID: 4842016106920368}
  m_RootOrder: 2
  m_LocalEulerAnglesHint: {x: -153.8208, y: 84.22874, z: -155.5634}
--- !u!1 &1254324316394535
GameObject:
  serializedVersion: 5
  m_Component:
  - component: {fileID: 4330993267798827}
  m_Layer: 0
  m_Name: Puppet_R_UpperArm
  m_TagString: Untagged
  m_Icon: {fileID: 0}
  m_NavMeshLayer: 0
  m_StaticEditorFlags: 0
  m_IsActive: 1
--- !u!4 &4330993267798827
Transform:
  m_GameObject: {fileID: 1254324316394535}
  m_LocalRotation: {x: 0.6340309, y: -0.2647389, z: 0.2133836, w: 0.6945398}
  m_LocalPosition: {x: -0.9099441, y: -2.384186E-07, z: -2.384186E-07}
  m_LocalScale: {x: 1, y: 1, z: 1}
  m_Children:
  - {fileID: 4730670134694971}
  m_Father: {fileID: 4529857345684704}
  m_RootOrder: 0
  m_LocalEulerAnglesHint: {x: 85.84029, y: 39.66718, z: 2.926368}
--- !u!1 &1785152825348762
GameObject:
  serializedVersion: 5
  m_Component:
  - component: {fileID: 4730670134694971}
  m_Layer: 0
  m_Name: Puppet_R_Forearm
  m_TagString: Untagged
  m_Icon: {fileID: 0}
  m_NavMeshLayer: 0
  m_StaticEditorFlags: 0
  m_IsActive: 1
--- !u!4 &4730670134694971
Transform:
  m_GameObject: {fileID: 1785152825348762}
  m_LocalRotation: {x: 0.06744996, y: -0.02368871, z: 0.252373, w: 0.9649856}
  m_LocalPosition: {x: -0.8051775, y: -2.384186E-07, z: 7.152557E-07}
  m_LocalScale: {x: 0.9999999, y: 0.9999998, z: 0.9999997}
  m_Children:
  - {fileID: 4283230729295620}
  m_Father: {fileID: 4330993267798827}
  m_RootOrder: 0
  m_LocalEulerAnglesHint: {x: 6.811172, y: 4.574978, z: -29.04023}
--- !u!1 &1005578147014636
GameObject:
  serializedVersion: 5
  m_Component:
  - component: {fileID: 4283230729295620}
  m_Layer: 0
  m_Name: Puppet_R_Hand
  m_TagString: Untagged
  m_Icon: {fileID: 0}
  m_NavMeshLayer: 0
  m_StaticEditorFlags: 0
  m_IsActive: 1
--- !u!4 &4283230729295620
Transform:
  m_GameObject: {fileID: 1005578147014636}
  m_LocalRotation: {x: -0.01033699, y: 0.04711844, z: 0.1476076, w: 0.987869}
  m_LocalPosition: {x: -0.6181647, y: -2.384186E-07, z: 2.980232E-08}
  m_LocalScale: {x: 1, y: 0.9999999, z: 1}
  m_Children:
  - {fileID: 4179844353523221}
  m_Father: {fileID: 4730670134694971}
  m_RootOrder: 0
  m_LocalEulerAnglesHint: {x: -0.3749124, y: -5.517244, z: -16.97848}
--- !u!1 &1047469071974350
GameObject:
  serializedVersion: 5
  m_Component:
  - component: {fileID: 4179844353523221}
  m_Layer: 0
  m_Name: Puppet_Sword
  m_TagString: Untagged
  m_Icon: {fileID: 0}
  m_NavMeshLayer: 0
  m_StaticEditorFlags: 0
  m_IsActive: 1
--- !u!4 &4179844353523221
Transform:
  m_GameObject: {fileID: 1047469071974350}
  m_LocalRotation: {x: 0.5084881, y: 0.5044312, z: 0.5025757, w: -0.4841558}
  m_LocalPosition: {x: -0.305643, y: -0.296447, z: -0.04656855}
  m_LocalScale: {x: 0.9999999, y: 0.9999992, z: 1}
  m_Children: []
  m_Father: {fileID: 4283230729295620}
  m_RootOrder: 0
  m_LocalEulerAnglesHint: {x: 150.613, y: 88.28863, z: -118.099}
--- !u!1 &1426880324734508
GameObject:
  serializedVersion: 5
  m_Component:
  - component: {fileID: 4018058083031554}
  m_Layer: 0
  m_Name: Puppet_Root
  m_TagString: Untagged
  m_Icon: {fileID: 0}
  m_NavMeshLayer: 0
  m_StaticEditorFlags: 0
  m_IsActive: 1
--- !u!4 &4018058083031554
Transform:
  m_GameObject: {fileID: 1426880324734508}
  m_LocalRotation: {x: -0.7071068, y: 0, z: 0, w: 0.7071068}
  m_LocalPosition: {x: 0, y: 0, z: 0}
  m_LocalScale: {x: 1, y: 1, z: 1}
  m_Children: []
  m_Father: {fileID: 4759028390834961}
  m_RootOrder: 3
  m_LocalEulerAnglesHint: {x: -90, y: 0, z: 0}
