%YAML 1.1
%TAG !u! tag:unity3d.com,2011:
--- !u!1001 &100100000
Prefab:
  serializedVersion: 2
  m_Modification:
    m_TransformParent: {fileID: 0}
    m_Modifications: []
    m_RemovedComponents: []
  m_ParentPrefab: {fileID: 0}
  m_RootGameObject: {fileID: 1404666682485655}
  m_IsPrefabParent: 1
--- !u!1 &1404666682485655
GameObject:
  serializedVersion: 5
  m_Component:
  - component: {fileID: 4483425563143049}
  - component: {fileID: 111541053942898410}
  - component: {fileID: 114902549211323024}
  - component: {fileID: 82488005856246111}
  - component: {fileID: 114832301947335596}
  - component: {fileID: 114751606490796643}
  m_Layer: 0
  m_Name: low_GhostBull
  m_TagString: Untagged
  m_Icon: {fileID: 0}
  m_NavMeshLayer: 0
  m_StaticEditorFlags: 0
  m_IsActive: 1
--- !u!4 &4483425563143049
Transform:
  m_GameObject: {fileID: 1404666682485655}
  m_LocalRotation: {x: 0, y: 0, z: 0, w: 1}
  m_LocalPosition: {x: 0, y: 0, z: 0}
  m_LocalScale: {x: 1, y: 1, z: 1}
  m_Children:
  - {fileID: 4142689964239499}
  - {fileID: 4103984196246682}
  - {fileID: 4260719873407951}
  - {fileID: 4232966310376281}
  m_Father: {fileID: 0}
  m_RootOrder: 0
  m_LocalEulerAnglesHint: {x: 0, y: 0, z: 0}
--- !u!111 &111541053942898410
Animation:
  m_GameObject: {fileID: 1404666682485655}
  m_Enabled: 1
  serializedVersion: 3
  m_Animation: {fileID: 0}
  m_Animations:
  - {fileID: 7400000, guid: adc930221b3936741b3fc9df4658aaa4, type: 2}
  - {fileID: 7400000, guid: d36ac6de145c1794baf74d70dea0c2c5, type: 2}
  - {fileID: 7400000, guid: 316eb1bea4764dd468c42b22089931c9, type: 2}
  - {fileID: 7400000, guid: e84bef836c2ecd54da4577a9ef1eaf8f, type: 2}
  - {fileID: 7400000, guid: 2e0c4e004a66bb84aaee5942cf107dc0, type: 2}
  - {fileID: 7400000, guid: 9a239176375c85f40a4f4f846f435f4c, type: 2}
  - {fileID: 7400000, guid: d57db057cb8641d42a36f78cfdbc042b, type: 2}
  - {fileID: 7400000, guid: 11cc4faff5e3e1c4ebc0e5ebf0cff9ed, type: 2}
  m_WrapMode: 0
  m_PlayAutomatically: 1
  m_AnimatePhysics: 0
  m_CullingType: 1
--- !u!114 &114902549211323024
MonoBehaviour:
  m_GameObject: {fileID: 1404666682485655}
  m_Enabled: 1
  m_EditorHideFlags: 0
  m_Script: {fileID: 11500000, guid: 203ebd45b8aad6940846389310fb33f6, type: 3}
  m_Name:
  m_EditorClassIdentifier:
  SpawnEffect: {fileID: 0}
  SpawnAudio: {fileID: 8300000, guid: e24fb5dcfc6f84d46b3bbfbbcf28a713, type: 3}
  SpawnAudioDelaySecs: 0
  Intro: Bull_Intro
  Idle: Bull_Idle
  IntroLength: 2
  hpBar: {fileID: 0}
--- !u!82 &82488005856246111
AudioSource:
  m_GameObject: {fileID: 1404666682485655}
  m_Enabled: 1
  serializedVersion: 4
  OutputAudioMixerGroup: {fileID: 0}
  m_audioClip: {fileID: 0}
  m_PlayOnAwake: 0
  m_Volume: 1
  m_Pitch: 1
  Loop: 0
  Mute: 0
  Spatialize: 0
  SpatializePostEffects: 0
  Priority: 128
  DopplerLevel: 1
  MinDistance: 1
  MaxDistance: 500
  Pan2D: 0
  rolloffMode: 0
  BypassEffects: 0
  BypassListenerEffects: 0
  BypassReverbZones: 0
  rolloffCustomCurve:
    serializedVersion: 2
    m_Curve:
    - serializedVersion: 2
      time: 0
      value: 1
      inSlope: 0
      outSlope: 0
      tangentMode: 0
    - serializedVersion: 2
      time: 1
      value: 0
      inSlope: 0
      outSlope: 0
      tangentMode: 0
    m_PreInfinity: 2
    m_PostInfinity: 2
    m_RotationOrder: 0
  panLevelCustomCurve:
    serializedVersion: 2
    m_Curve:
    - serializedVersion: 2
      time: 0
      value: 0
      inSlope: 0
      outSlope: 0
      tangentMode: 0
    m_PreInfinity: 2
    m_PostInfinity: 2
    m_RotationOrder: 0
  spreadCustomCurve:
    serializedVersion: 2
    m_Curve:
    - serializedVersion: 2
      time: 0
      value: 0
      inSlope: 0
      outSlope: 0
      tangentMode: 0
    m_PreInfinity: 2
    m_PostInfinity: 2
    m_RotationOrder: 0
  reverbZoneMixCustomCurve:
    serializedVersion: 2
    m_Curve:
    - serializedVersion: 2
      time: 0
      value: 1
      inSlope: 0
      outSlope: 0
      tangentMode: 0
    m_PreInfinity: 2
    m_PostInfinity: 2
    m_RotationOrder: 0
--- !u!114 &114832301947335596
MonoBehaviour:
  m_GameObject: {fileID: 1404666682485655}
  m_Enabled: 1
  m_EditorHideFlags: 0
  m_Script: {fileID: 11500000, guid: 816f303b97b032a4d9e1a96b34158d44, type: 3}
  m_Name:
  m_EditorClassIdentifier:
  Tombstone: {fileID: 0}
  Timer: 0
  Idle:
  RemoveTombstone: 0
  DamageDealt: 0
  Flooped: 0
  Crash: 0
--- !u!114 &114751606490796643
MonoBehaviour:
  m_GameObject: {fileID: 1404666682485655}
  m_Enabled: 1
  m_EditorHideFlags: 0
  m_Script: {fileID: 11500000, guid: 9390b1f887e33a34caef2ef05f3f87a5, type: 3}
  m_Name:
  m_EditorClassIdentifier:
  animTarget: {fileID: 0}
  animName:
--- !u!1 &1684498209107259
GameObject:
  serializedVersion: 5
  m_Component:
  - component: {fileID: 4142689964239499}
  - component: {fileID: 137946264764640290}
  m_Layer: 0
  m_Name: Bull
  m_TagString: Untagged
  m_Icon: {fileID: 0}
  m_NavMeshLayer: 0
  m_StaticEditorFlags: 0
  m_IsActive: 1
--- !u!4 &4142689964239499
Transform:
  m_GameObject: {fileID: 1684498209107259}
  m_LocalRotation: {x: -0.7071068, y: -8.659561E-17, z: -8.659561E-17, w: 0.7071068}
  m_LocalPosition: {x: 0, y: 0, z: 0}
  m_LocalScale: {x: 1, y: 1, z: 1}
  m_Children: []
  m_Father: {fileID: 4483425563143049}
  m_RootOrder: 0
  m_LocalEulerAnglesHint: {x: -90, y: 1.403342E-14, z: 0}
--- !u!137 &137946264764640290
SkinnedMeshRenderer:
  m_GameObject: {fileID: 1684498209107259}
  m_Enabled: 1
  m_CastShadows: 1
  m_ReceiveShadows: 1
  m_DynamicOccludee: 1
  m_MotionVectors: 1
  m_LightProbeUsage: 0
  m_ReflectionProbeUsage: 1
  m_Materials:
  - {fileID: 2100000, guid: f60d7a356234caa4689fe5649e13b289, type: 2}
  m_StaticBatchInfo:
    firstSubMesh: 0
    subMeshCount: 0
  m_StaticBatchRoot: {fileID: 0}
  m_ProbeAnchor: {fileID: 0}
  m_LightProbeVolumeOverride: {fileID: 0}
  m_ScaleInLightmap: 1
  m_PreserveUVs: 0
  m_IgnoreNormalsForChartDetection: 0
  m_ImportantGI: 0
  m_StitchLightmapSeams: 0
  m_SelectedEditorRenderState: 3
  m_MinimumChartSize: 4
  m_AutoUVMaxDistance: 0.5
  m_AutoUVMaxAngle: 89
  m_LightmapParameters: {fileID: 0}
  m_SortingLayerID: 0
  m_SortingLayer: 0
  m_SortingOrder: 0
  serializedVersion: 2
  m_Quality: 0
  m_UpdateWhenOffscreen: 0
  m_skinnedMotionVectors: 0
  m_Mesh: {fileID: 4300000, guid: 90dfec252b524f3469f8b5f502311231, type: 2}
  m_Bones:
  - {fileID: 4841244845233710}
  - {fileID: 4879776204831326}
  - {fileID: 4958434693185624}
  - {fileID: 4794605119362861}
  - {fileID: 4095350399681271}
  - {fileID: 4689183065238988}
  - {fileID: 4248966552365775}
  - {fileID: 4852950529888678}
  - {fileID: 4339231039655433}
  - {fileID: 4048933951322305}
  - {fileID: 4260719873407951}
  - {fileID: 4155572687721501}
  - {fileID: 4232207031247224}
  - {fileID: 4743486555735851}
  - {fileID: 4062956169216928}
  - {fileID: 4843828337082747}
  - {fileID: 4266931625319487}
  - {fileID: 4127895408873042}
  - {fileID: 4146118616228944}
  - {fileID: 4463113128423723}
  m_BlendShapeWeights: []
  m_RootBone: {fileID: 4260719873407951}
  m_AABB:
    m_Center: {x: -0.07914186, y: 0.2399578, z: -0.0004898906}
    m_Extent: {x: 1.601377, y: 3.223913, z: 1.33504}
  m_DirtyAABB: 0
--- !u!1 &1313787168915333
GameObject:
  serializedVersion: 5
  m_Component:
  - component: {fileID: 4103984196246682}
  - component: {fileID: 137268504892776262}
  m_Layer: 0
  m_Name: Bull_Outline
  m_TagString: Untagged
  m_Icon: {fileID: 0}
  m_NavMeshLayer: 0
  m_StaticEditorFlags: 0
  m_IsActive: 1
--- !u!4 &4103984196246682
Transform:
  m_GameObject: {fileID: 1313787168915333}
  m_LocalRotation: {x: -0.7071068, y: 6.181725E-08, z: 6.181725E-08, w: 0.7071068}
  m_LocalPosition: {x: 0, y: 0, z: 0}
  m_LocalScale: {x: 1, y: 1, z: 1}
  m_Children: []
  m_Father: {fileID: 4483425563143049}
  m_RootOrder: 1
  m_LocalEulerAnglesHint: {x: -90, y: -1.001791E-05, z: 0}
--- !u!137 &137268504892776262
SkinnedMeshRenderer:
  m_GameObject: {fileID: 1313787168915333}
  m_Enabled: 1
  m_CastShadows: 1
  m_ReceiveShadows: 1
  m_DynamicOccludee: 1
  m_MotionVectors: 1
  m_LightProbeUsage: 0
  m_ReflectionProbeUsage: 1
  m_Materials:
  - {fileID: 2100000, guid: f60d7a356234caa4689fe5649e13b289, type: 2}
  m_StaticBatchInfo:
    firstSubMesh: 0
    subMeshCount: 0
  m_StaticBatchRoot: {fileID: 0}
  m_ProbeAnchor: {fileID: 0}
  m_LightProbeVolumeOverride: {fileID: 0}
  m_ScaleInLightmap: 1
  m_PreserveUVs: 0
  m_IgnoreNormalsForChartDetection: 0
  m_ImportantGI: 0
  m_StitchLightmapSeams: 0
  m_SelectedEditorRenderState: 3
  m_MinimumChartSize: 4
  m_AutoUVMaxDistance: 0.5
  m_AutoUVMaxAngle: 89
  m_LightmapParameters: {fileID: 0}
  m_SortingLayerID: 0
  m_SortingLayer: 0
  m_SortingOrder: 0
  serializedVersion: 2
  m_Quality: 0
  m_UpdateWhenOffscreen: 0
  m_skinnedMotionVectors: 0
  m_Mesh: {fileID: 4300000, guid: 3399e6d50cbb9ed4abd078390bdbe0fd, type: 2}
  m_Bones:
  - {fileID: 4841244845233710}
  - {fileID: 4879776204831326}
  - {fileID: 4958434693185624}
  - {fileID: 4794605119362861}
  - {fileID: 4095350399681271}
  - {fileID: 4689183065238988}
  - {fileID: 4248966552365775}
  - {fileID: 4852950529888678}
  - {fileID: 4339231039655433}
  - {fileID: 4048933951322305}
  - {fileID: 4260719873407951}
  - {fileID: 4155572687721501}
  - {fileID: 4232207031247224}
  - {fileID: 4743486555735851}
  - {fileID: 4062956169216928}
  - {fileID: 4843828337082747}
  - {fileID: 4266931625319487}
  - {fileID: 4127895408873042}
  - {fileID: 4146118616228944}
  - {fileID: 4463113128423723}
  m_BlendShapeWeights: []
  m_RootBone: {fileID: 4260719873407951}
  m_AABB:
    m_Center: {x: -0.07807803, y: 0.2423475, z: -0.0004897714}
    m_Extent: {x: 1.625834, y: 3.245927, z: 1.359864}
  m_DirtyAABB: 0
--- !u!1 &1710909018030153
GameObject:
  serializedVersion: 5
  m_Component:
  - component: {fileID: 4260719873407951}
  m_Layer: 0
  m_Name: Puppet_Pelvis
  m_TagString: Untagged
  m_Icon: {fileID: 0}
  m_NavMeshLayer: 0
  m_StaticEditorFlags: 0
  m_IsActive: 1
--- !u!4 &4260719873407951
Transform:
  m_GameObject: {fileID: 1710909018030153}
  m_LocalRotation: {x: 0.5, y: -0.5, z: -0.5, w: 0.5}
  m_LocalPosition: {x: 0, y: 1.542855, z: -0.8872833}
  m_LocalScale: {x: 1, y: 1, z: 1}
  m_Children:
  - {fileID: 4463113128423723}
  - {fileID: 4127895408873042}
  - {fileID: 4155572687721501}
  - {fileID: 4841244845233710}
  m_Father: {fileID: 4483425563143049}
  m_RootOrder: 2
  m_LocalEulerAnglesHint: {x: 90, y: 0, z: 90}
--- !u!1 &1235408487948361
GameObject:
  serializedVersion: 5
  m_Component:
  - component: {fileID: 4463113128423723}
  m_Layer: 0
  m_Name: Puppet_L_BackThigh
  m_TagString: Untagged
  m_Icon: {fileID: 0}
  m_NavMeshLayer: 0
  m_StaticEditorFlags: 0
  m_IsActive: 1
--- !u!4 &4463113128423723
Transform:
  m_GameObject: {fileID: 1235408487948361}
  m_LocalRotation: {x: -0.01846095, y: 0.9997727, z: 0.01049284, w: -0.001913573}
  m_LocalPosition: {x: 0.6873615, y: -0.2731463, z: 0.6152883}
  m_LocalScale: {x: 0.9999998, y: 0.9999999, z: 0.9999999}
  m_Children:
  - {fileID: 4146118616228944}
  m_Father: {fileID: 4260719873407951}
  m_RootOrder: 0
  m_LocalEulerAnglesHint: {x: 178.7937, y: 0.1970326, z: 177.8822}
--- !u!1 &1091950819018515
GameObject:
  serializedVersion: 5
  m_Component:
  - component: {fileID: 4146118616228944}
  m_Layer: 0
  m_Name: Puppet_L_BackCalf
  m_TagString: Untagged
  m_Icon: {fileID: 0}
  m_NavMeshLayer: 0
  m_StaticEditorFlags: 0
  m_IsActive: 1
--- !u!4 &4146118616228944
Transform:
  m_GameObject: {fileID: 1091950819018515}
  m_LocalRotation: {x: -0.000878225, y: 0.001282356, z: 0.02998522, w: 0.9995492}
  m_LocalPosition: {x: -0.3587615, y: 0, z: -1.192093E-07}
  m_LocalScale: {x: 1, y: 1, z: 1}
  m_Children: []
  m_Father: {fileID: 4463113128423723}
  m_RootOrder: 0
  m_LocalEulerAnglesHint: {x: -0.09618592, y: -0.1498988, z: -3.436447}
--- !u!1 &1844587660250586
GameObject:
  serializedVersion: 5
  m_Component:
  - component: {fileID: 4127895408873042}
  m_Layer: 0
  m_Name: Puppet_R_BackThigh
  m_TagString: Untagged
  m_Icon: {fileID: 0}
  m_NavMeshLayer: 0
  m_StaticEditorFlags: 0
  m_IsActive: 1
--- !u!4 &4127895408873042
Transform:
  m_GameObject: {fileID: 1844587660250586}
  m_LocalRotation: {x: -0.01846213, y: 0.9997727, z: -0.01049285, w: 0.00191363}
  m_LocalPosition: {x: 0.6873618, y: -0.273146, z: -0.5762567}
  m_LocalScale: {x: 0.9999998, y: 0.9999998, z: 0.9999999}
  m_Children:
  - {fileID: 4266931625319487}
  m_Father: {fileID: 4260719873407951}
  m_RootOrder: 1
  m_LocalEulerAnglesHint: {x: -178.7937, y: -0.1970376, z: 177.8821}
--- !u!1 &1807975649161227
GameObject:
  serializedVersion: 5
  m_Component:
  - component: {fileID: 4266931625319487}
  m_Layer: 0
  m_Name: Puppet_R_BackCalf
  m_TagString: Untagged
  m_Icon: {fileID: 0}
  m_NavMeshLayer: 0
  m_StaticEditorFlags: 0
  m_IsActive: 1
--- !u!4 &4266931625319487
Transform:
  m_GameObject: {fileID: 1807975649161227}
  m_LocalRotation: {x: 0.0008781088, y: -0.001282333, z: 0.02998672, w: 0.9995491}
  m_LocalPosition: {x: -0.3587614, y: 0, z: -1.192093E-07}
  m_LocalScale: {x: 1, y: 1, z: 1}
  m_Children: []
  m_Father: {fileID: 4127895408873042}
  m_RootOrder: 0
  m_LocalEulerAnglesHint: {x: 0.09617247, y: 0.1498958, z: -3.436618}
--- !u!1 &1159581976388830
GameObject:
  serializedVersion: 5
  m_Component:
  - component: {fileID: 4155572687721501}
  m_Layer: 0
  m_Name: Puppet_Spine
  m_TagString: Untagged
  m_Icon: {fileID: 0}
  m_NavMeshLayer: 0
  m_StaticEditorFlags: 0
  m_IsActive: 1
--- !u!4 &4155572687721501
Transform:
  m_GameObject: {fileID: 1159581976388830}
  m_LocalRotation: {x: -1.438092E-08, y: -7.760118E-08, z: -0.7071068, w: 0.7071068}
  m_LocalPosition: {x: 1.192093E-07, y: 0.5649099, z: -2.646922E-08}
  m_LocalScale: {x: 1, y: 1, z: 1}
  m_Children:
  - {fileID: 4689183065238988}
  m_Father: {fileID: 4260719873407951}
  m_RootOrder: 2
  m_LocalEulerAnglesHint: {x: 5.122641E-06, y: 7.453168E-06, z: 90.00001}
--- !u!1 &1484598281409391
GameObject:
  serializedVersion: 5
  m_Component:
  - component: {fileID: 4689183065238988}
  m_Layer: 0
  m_Name: Puppet_Spine1
  m_TagString: Untagged
  m_Icon: {fileID: 0}
  m_NavMeshLayer: 0
  m_StaticEditorFlags: 0
  m_IsActive: 1
--- !u!4 &4689183065238988
Transform:
  m_GameObject: {fileID: 1484598281409391}
  m_LocalRotation: {x: 2.89013E-08, y: 1.342684E-07, z: 0.7071068, w: 0.7071068}
  m_LocalPosition: {x: -0.9591597, y: -1.192093E-07, z: 5.05963E-08}
  m_LocalScale: {x: 0.9999999, y: 0.9999999, z: 0.9999998}
  m_Children:
  - {fileID: 4248966552365775}
  - {fileID: 4843828337082747}
  - {fileID: 4743486555735851}
  m_Father: {fileID: 4155572687721501}
  m_RootOrder: 0
  m_LocalEulerAnglesHint: {x: 1.322139E-05, y: -8.537738E-06, z: -89.99999}
--- !u!1 &1404234062914773
GameObject:
  serializedVersion: 5
  m_Component:
  - component: {fileID: 4248966552365775}
  m_Layer: 0
  m_Name: Puppet_Head
  m_TagString: Untagged
  m_Icon: {fileID: 0}
  m_NavMeshLayer: 0
  m_StaticEditorFlags: 0
  m_IsActive: 1
--- !u!4 &4248966552365775
Transform:
  m_GameObject: {fileID: 1404234062914773}
  m_LocalRotation: {x: 5.650003E-08, y: -1.094532E-07, z: -0.7071068, w: 0.7071068}
  m_LocalPosition: {x: 1.192093E-07, y: 0.7298334, z: -7.844108E-08}
  m_LocalScale: {x: 1, y: 1, z: 1}
  m_Children:
  - {fileID: 4339231039655433}
  - {fileID: 4852950529888678}
  - {fileID: 4095350399681271}
  m_Father: {fileID: 4689183065238988}
  m_RootOrder: 0
  m_LocalEulerAnglesHint: {x: 1.344693E-05, y: 4.290712E-06, z: 89.99999}
--- !u!1 &1619104055280513
GameObject:
  serializedVersion: 5
  m_Component:
  - component: {fileID: 4339231039655433}
  m_Layer: 0
  m_Name: Puppet_L_Ear
  m_TagString: Untagged
  m_Icon: {fileID: 0}
  m_NavMeshLayer: 0
  m_StaticEditorFlags: 0
  m_IsActive: 1
--- !u!4 &4339231039655433
Transform:
  m_GameObject: {fileID: 1619104055280513}
  m_LocalRotation: {x: -0.67476, y: 0.0290882, z: 0.04864369, w: 0.7358578}
  m_LocalPosition: {x: -0.1237785, y: -0.3316554, z: 0.8222719}
  m_LocalScale: {x: 0.9999995, y: 1, z: 0.9999996}
  m_Children: []
  m_Father: {fileID: 4248966552365775}
  m_RootOrder: 0
  m_LocalEulerAnglesHint: {x: -84.93843, y: -6.22627, z: -1.863956}
--- !u!1 &1240674689161999
GameObject:
  serializedVersion: 5
  m_Component:
  - component: {fileID: 4852950529888678}
  m_Layer: 0
  m_Name: Puppet_R_Ear
  m_TagString: Untagged
  m_Icon: {fileID: 0}
  m_NavMeshLayer: 0
  m_StaticEditorFlags: 0
  m_IsActive: 1
--- !u!4 &4852950529888678
Transform:
  m_GameObject: {fileID: 1240674689161999}
  m_LocalRotation: {x: 0.6747599, y: -0.02908821, z: 0.04864372, w: 0.7358579}
  m_LocalPosition: {x: -0.2584831, y: -0.301087, z: -0.7769065}
  m_LocalScale: {x: 1, y: 1.000001, z: 0.9999998}
  m_Children: []
  m_Father: {fileID: 4248966552365775}
  m_RootOrder: 1
  m_LocalEulerAnglesHint: {x: 84.93842, y: 6.226274, z: -1.863959}
--- !u!1 &1057370758544202
GameObject:
  serializedVersion: 5
  m_Component:
  - component: {fileID: 4095350399681271}
  m_Layer: 0
  m_Name: Puppet_Snout
  m_TagString: Untagged
  m_Icon: {fileID: 0}
  m_NavMeshLayer: 0
  m_StaticEditorFlags: 0
  m_IsActive: 1
--- !u!4 &4095350399681271
Transform:
  m_GameObject: {fileID: 1057370758544202}
  m_LocalRotation: {x: -1.303852E-08, y: -1.406297E-07, z: -9.703214E-08, w: 1}
  m_LocalPosition: {x: -0.5991036, y: 0.0759387, z: -5.002732E-08}
  m_LocalScale: {x: 0.9999996, y: 0.9999998, z: 0.9999999}
  m_Children:
  - {fileID: 4048933951322305}
  m_Father: {fileID: 4248966552365775}
  m_RootOrder: 2
  m_LocalEulerAnglesHint: {x: -1.494103E-06, y: 1.611498E-05, z: 1.111906E-05}
--- !u!1 &1012700791386644
GameObject:
  serializedVersion: 5
  m_Component:
  - component: {fileID: 4048933951322305}
  m_Layer: 0
  m_Name: Puppet_SnoutRing
  m_TagString: Untagged
  m_Icon: {fileID: 0}
  m_NavMeshLayer: 0
  m_StaticEditorFlags: 0
  m_IsActive: 1
--- !u!4 &4048933951322305
Transform:
  m_GameObject: {fileID: 1012700791386644}
  m_LocalRotation: {x: -2.979101E-08, y: 1.132727E-07, z: -0.4967793, w: 0.8678769}
  m_LocalPosition: {x: -0.1998855, y: -0.02411544, z: 4.313677E-08}
  m_LocalScale: {x: 1, y: 1, z: 1}
  m_Children: []
  m_Father: {fileID: 4095350399681271}
  m_RootOrder: 0
  m_LocalEulerAnglesHint: {x: -9.410997E-06, y: -9.569218E-06, z: 59.5743}
--- !u!1 &1926148337768806
GameObject:
  serializedVersion: 5
  m_Component:
  - component: {fileID: 4843828337082747}
  m_Layer: 0
  m_Name: Puppet_L_FrontThigh
  m_TagString: Untagged
  m_Icon: {fileID: 0}
  m_NavMeshLayer: 0
  m_StaticEditorFlags: 0
  m_IsActive: 1
--- !u!4 &4843828337082747
Transform:
  m_GameObject: {fileID: 1926148337768806}
  m_LocalRotation: {x: -0.0206613, y: 0.999713, z: 0.01042564, w: 0.006194969}
  m_LocalPosition: {x: 0.8832462, y: 0.5204521, z: 0.6027767}
  m_LocalScale: {x: 1, y: 0.9999998, z: 0.9999999}
  m_Children:
  - {fileID: 4062956169216928}
  m_Father: {fileID: 4689183065238988}
  m_RootOrder: 1
  m_LocalEulerAnglesHint: {x: 178.8201, y: -0.7343913, z: 177.6396}
--- !u!1 &1631008515224539
GameObject:
  serializedVersion: 5
  m_Component:
  - component: {fileID: 4062956169216928}
  m_Layer: 0
  m_Name: Puppet_L_FrontCalf
  m_TagString: Untagged
  m_Icon: {fileID: 0}
  m_NavMeshLayer: 0
  m_StaticEditorFlags: 0
  m_IsActive: 1
--- !u!4 &4062956169216928
Transform:
  m_GameObject: {fileID: 1631008515224539}
  m_LocalRotation: {x: -0.0001897949, y: 0.006044668, z: 0.04617635, w: 0.998915}
  m_LocalPosition: {x: -0.2919156, y: 1.192093E-07, z: 5.960464E-08}
  m_LocalScale: {x: 1, y: 1, z: 1}
  m_Children: []
  m_Father: {fileID: 4843828337082747}
  m_RootOrder: 0
  m_LocalEulerAnglesHint: {x: 0.01026033, y: -0.6929376, z: -5.293461}
--- !u!1 &1278163818765424
GameObject:
  serializedVersion: 5
  m_Component:
  - component: {fileID: 4743486555735851}
  m_Layer: 0
  m_Name: Puppet_R_FrontThigh
  m_TagString: Untagged
  m_Icon: {fileID: 0}
  m_NavMeshLayer: 0
  m_StaticEditorFlags: 0
  m_IsActive: 1
--- !u!4 &4743486555735851
Transform:
  m_GameObject: {fileID: 1278163818765424}
  m_LocalRotation: {x: -0.02066235, y: 0.9997129, z: -0.01042564, w: -0.00619477}
  m_LocalPosition: {x: 0.8832465, y: 0.5204521, z: -0.5664163}
  m_LocalScale: {x: 1, y: 1, z: 1}
  m_Children:
  - {fileID: 4232207031247224}
  m_Father: {fileID: 4689183065238988}
  m_RootOrder: 2
  m_LocalEulerAnglesHint: {x: -178.8201, y: 0.7343699, z: 177.6395}
--- !u!1 &1524562113397757
GameObject:
  serializedVersion: 5
  m_Component:
  - component: {fileID: 4232207031247224}
  m_Layer: 0
  m_Name: Puppet_R_FrontCalf
  m_TagString: Untagged
  m_Icon: {fileID: 0}
  m_NavMeshLayer: 0
  m_StaticEditorFlags: 0
  m_IsActive: 1
--- !u!4 &4232207031247224
Transform:
  m_GameObject: {fileID: 1524562113397757}
  m_LocalRotation: {x: 0.0001857507, y: -0.006002691, z: 0.04620237, w: 0.9989141}
  m_LocalPosition: {x: -0.2919154, y: 0, z: 0}
  m_LocalScale: {x: 1, y: 0.9999998, z: 1}
  m_Children: []
  m_Father: {fileID: 4743486555735851}
  m_RootOrder: 0
  m_LocalEulerAnglesHint: {x: -0.01051907, y: 0.6881106, z: -5.296446}
--- !u!1 &1623716478879262
GameObject:
  serializedVersion: 5
  m_Component:
  - component: {fileID: 4841244845233710}
  m_Layer: 0
  m_Name: Puppet_Tail01
  m_TagString: Untagged
  m_Icon: {fileID: 0}
  m_NavMeshLayer: 0
  m_StaticEditorFlags: 0
  m_IsActive: 1
--- !u!4 &4841244845233710
Transform:
  m_GameObject: {fileID: 1623716478879262}
  m_LocalRotation: {x: 2.29467E-08, y: 8.110332E-08, z: 0.7071067, w: 0.7071069}
  m_LocalPosition: {x: -0.5113393, y: -0.5427278, z: -5.008973E-08}
  m_LocalScale: {x: 0.9999999, y: 1, z: 0.9999996}
  m_Children:
  - {fileID: 4879776204831326}
  m_Father: {fileID: 4260719873407951}
  m_RootOrder: 3
  m_LocalEulerAnglesHint: {x: 8.431013E-06, y: -4.712344E-06, z: -89.99998}
--- !u!1 &1064063553532039
GameObject:
  serializedVersion: 5
  m_Component:
  - component: {fileID: 4879776204831326}
  m_Layer: 0
  m_Name: Puppet_Tail02
  m_TagString: Untagged
  m_Icon: {fileID: 0}
  m_NavMeshLayer: 0
  m_StaticEditorFlags: 0
  m_IsActive: 1
--- !u!4 &4879776204831326
Transform:
  m_GameObject: {fileID: 1064063553532039}
  m_LocalRotation: {x: -5.768113E-08, y: -1.763056E-08, z: 7.835202E-08, w: 1}
  m_LocalPosition: {x: -0.2728698, y: 0, z: 2.014542E-08}
  m_LocalScale: {x: 1, y: 1, z: 1}
  m_Children:
  - {fileID: 4958434693185624}
  m_Father: {fileID: 4841244845233710}
  m_RootOrder: 0
  m_LocalEulerAnglesHint: {x: -6.60977E-06, y: 2.020313E-06, z: -8.978481E-06}
--- !u!1 &1948132912290452
GameObject:
  serializedVersion: 5
  m_Component:
  - component: {fileID: 4958434693185624}
  m_Layer: 0
  m_Name: Puppet_Tail03
  m_TagString: Untagged
  m_Icon: {fileID: 0}
  m_NavMeshLayer: 0
  m_StaticEditorFlags: 0
  m_IsActive: 1
--- !u!4 &4958434693185624
Transform:
  m_GameObject: {fileID: 1948132912290452}
  m_LocalRotation: {x: -7.105427E-15, y: -3.877093E-15, z: -2.176392E-09, w: 1}
  m_LocalPosition: {x: -0.7124542, y: 0, z: -1.983216E-08}
  m_LocalScale: {x: 1, y: 1, z: 0.9999998}
  m_Children:
  - {fileID: 4794605119362861}
  m_Father: {fileID: 4879776204831326}
  m_RootOrder: 0
  m_LocalEulerAnglesHint: {x: -8.14222E-13, y: 4.442822E-13, z: 2.493962E-07}
--- !u!1 &1305050974772650
GameObject:
  serializedVersion: 5
  m_Component:
  - component: {fileID: 4794605119362861}
  m_Layer: 0
  m_Name: Puppet_Tail04
  m_TagString: Untagged
  m_Icon: {fileID: 0}
  m_NavMeshLayer: 0
  m_StaticEditorFlags: 0
  m_IsActive: 1
--- !u!4 &4794605119362861
Transform:
  m_GameObject: {fileID: 1305050974772650}
  m_LocalRotation: {x: 7.105427E-15, y: 2.326221E-15, z: -1.713634E-07, w: 1}
  m_LocalPosition: {x: -0.6580119, y: 0, z: 2.842171E-14}
  m_LocalScale: {x: 1, y: 1, z: 1}
  m_Children: []
  m_Father: {fileID: 4958434693185624}
  m_RootOrder: 0
  m_LocalEulerAnglesHint: {x: 8.14222E-13, y: -2.665654E-13, z: 1.963679E-05}
--- !u!1 &1500557079037466
GameObject:
  serializedVersion: 5
  m_Component:
  - component: {fileID: 4232966310376281}
  m_Layer: 0
  m_Name: Puppet_Root
  m_TagString: Untagged
  m_Icon: {fileID: 0}
  m_NavMeshLayer: 0
  m_StaticEditorFlags: 0
  m_IsActive: 1
--- !u!4 &4232966310376281
Transform:
  m_GameObject: {fileID: 1500557079037466}
  m_LocalRotation: {x: 1.545431E-08, y: 0.7071068, z: -1.545431E-08, w: 0.7071068}
  m_LocalPosition: {x: 5.687993E-08, y: 0, z: 0}
  m_LocalScale: {x: 1, y: 1, z: 1}
  m_Children: []
  m_Father: {fileID: 4483425563143049}
  m_RootOrder: 3
  m_LocalEulerAnglesHint: {x: 2.504478E-06, y: -90, z: 0}
