%YAML 1.1
%TAG !u! tag:unity3d.com,2011:
--- !u!1001 &100100000
Prefab:
  serializedVersion: 2
  m_Modification:
    m_TransformParent: {fileID: 0}
    m_Modifications: []
    m_RemovedComponents: []
  m_ParentPrefab: {fileID: 0}
  m_RootGameObject: {fileID: 1306226295510149}
  m_IsPrefabParent: 1
--- !u!1 &1306226295510149
GameObject:
  serializedVersion: 5
  m_Component:
  - component: {fileID: 4518488229717233}
  - component: {fileID: 111208377370442138}
  - component: {fileID: 114026442149739357}
  - component: {fileID: 82500683263463739}
  - component: {fileID: 114597701069977720}
  - component: {fileID: 114702821344267479}
  m_Layer: 0
  m_Name: low_Quadurai
  m_TagString: Untagged
  m_Icon: {fileID: 0}
  m_NavMeshLayer: 0
  m_StaticEditorFlags: 0
  m_IsActive: 1
--- !u!4 &4518488229717233
Transform:
  m_GameObject: {fileID: 1306226295510149}
  m_LocalRotation: {x: 0, y: 0, z: 0, w: 1}
  m_LocalPosition: {x: 28.88476, y: 0.01539677, z: 0.4501953}
  m_LocalScale: {x: 1, y: 1, z: 1}
  m_Children:
  - {fileID: 4709885537245705}
  - {fileID: 4804082166357504}
  - {fileID: 4217050163637728}
  - {fileID: 4939690921489605}
  m_Father: {fileID: 0}
  m_RootOrder: 0
  m_LocalEulerAnglesHint: {x: 0, y: 0, z: 0}
--- !u!111 &111208377370442138
Animation:
  m_GameObject: {fileID: 1306226295510149}
  m_Enabled: 1
  serializedVersion: 3
  m_Animation: {fileID: 0}
  m_Animations:
  - {fileID: 7400000, guid: 7482cdbe837df2747872ef48ab4ffe0a, type: 2}
  - {fileID: 7400000, guid: c76b330baf166a24f8d9a984a0d5c4dc, type: 2}
  - {fileID: 7400000, guid: 316eb1bea4764dd468c42b22089931c9, type: 2}
  - {fileID: 7400000, guid: e84bef836c2ecd54da4577a9ef1eaf8f, type: 2}
  - {fileID: 7400000, guid: 2e0c4e004a66bb84aaee5942cf107dc0, type: 2}
  - {fileID: 7400000, guid: 9a239176375c85f40a4f4f846f435f4c, type: 2}
  - {fileID: 7400000, guid: d57db057cb8641d42a36f78cfdbc042b, type: 2}
  - {fileID: 7400000, guid: 11cc4faff5e3e1c4ebc0e5ebf0cff9ed, type: 2}
  m_WrapMode: 0
  m_PlayAutomatically: 0
  m_AnimatePhysics: 0
  m_CullingType: 1
--- !u!114 &114026442149739357
MonoBehaviour:
  m_GameObject: {fileID: 1306226295510149}
  m_Enabled: 1
  m_EditorHideFlags: 0
  m_Script: {fileID: 11500000, guid: 203ebd45b8aad6940846389310fb33f6, type: 3}
  m_Name:
  m_EditorClassIdentifier:
  SpawnEffect: {fileID: 0}
  SpawnAudio: {fileID: 8300000, guid: f00a70a8792dea14b8939882897bbcf6, type: 3}
  SpawnAudioDelaySecs: 0
  Intro: Quadurai_Intro
  Idle: Quadurai_Idle
  IntroLength: 2
  hpBar: {fileID: 0}
--- !u!82 &82500683263463739
AudioSource:
  m_GameObject: {fileID: 1306226295510149}
  m_Enabled: 1
  serializedVersion: 4
  OutputAudioMixerGroup: {fileID: 0}
  m_audioClip: {fileID: 0}
  m_PlayOnAwake: 0
  m_Volume: 1
  m_Pitch: 1
  Loop: 0
  Mute: 0
  Spatialize: 0
  SpatializePostEffects: 0
  Priority: 128
  DopplerLevel: 1
  MinDistance: 1
  MaxDistance: 500
  Pan2D: 0
  rolloffMode: 2
  BypassEffects: 0
  BypassListenerEffects: 0
  BypassReverbZones: 0
  rolloffCustomCurve:
    serializedVersion: 2
    m_Curve:
    - serializedVersion: 2
      time: 0
      value: 1
      inSlope: 0
      outSlope: 0
      tangentMode: 0
    - serializedVersion: 2
      time: 1
      value: 1
      inSlope: 0
      outSlope: 0
      tangentMode: 0
    m_PreInfinity: 2
    m_PostInfinity: 2
    m_RotationOrder: 0
  panLevelCustomCurve:
    serializedVersion: 2
    m_Curve:
    - serializedVersion: 2
      time: 0
      value: 0
      inSlope: 0
      outSlope: 0
      tangentMode: 0
    m_PreInfinity: 2
    m_PostInfinity: 2
    m_RotationOrder: 0
  spreadCustomCurve:
    serializedVersion: 2
    m_Curve:
    - serializedVersion: 2
      time: 0
      value: 0
      inSlope: 0
      outSlope: 0
      tangentMode: 0
    m_PreInfinity: 2
    m_PostInfinity: 2
    m_RotationOrder: 0
  reverbZoneMixCustomCurve:
    serializedVersion: 2
    m_Curve:
    - serializedVersion: 2
      time: 0
      value: 1
      inSlope: 0
      outSlope: 0
      tangentMode: 0
    m_PreInfinity: 2
    m_PostInfinity: 2
    m_RotationOrder: 0
--- !u!114 &114597701069977720
MonoBehaviour:
  m_GameObject: {fileID: 1306226295510149}
  m_Enabled: 1
  m_EditorHideFlags: 0
  m_Script: {fileID: 11500000, guid: 816f303b97b032a4d9e1a96b34158d44, type: 3}
  m_Name:
  m_EditorClassIdentifier:
  Tombstone: {fileID: 0}
  Timer: 0
  Idle:
  RemoveTombstone: 0
  DamageDealt: 0
  Flooped: 0
  Crash: 0
--- !u!114 &114702821344267479
MonoBehaviour:
  m_GameObject: {fileID: 1306226295510149}
  m_Enabled: 1
  m_EditorHideFlags: 0
  m_Script: {fileID: 11500000, guid: 9390b1f887e33a34caef2ef05f3f87a5, type: 3}
  m_Name:
  m_EditorClassIdentifier:
  animTarget: {fileID: 0}
  animName:
--- !u!1 &1774424233007875
GameObject:
  serializedVersion: 5
  m_Component:
  - component: {fileID: 4709885537245705}
  m_Layer: 0
  m_Name: Puppet_Pelvis
  m_TagString: Untagged
  m_Icon: {fileID: 0}
  m_NavMeshLayer: 0
  m_StaticEditorFlags: 0
  m_IsActive: 1
--- !u!4 &4709885537245705
Transform:
  m_GameObject: {fileID: 1774424233007875}
  m_LocalRotation: {x: 0.5000001, y: -0.5000001, z: -0.5, w: 0.5}
  m_LocalPosition: {x: 0, y: 1.467257, z: 0.004297581}
  m_LocalScale: {x: 1, y: 0.9999999, z: 0.9999999}
  m_Children:
  - {fileID: 4438692647899389}
  - {fileID: 4470392593367348}
  - {fileID: 4522339297950010}
  - {fileID: 4684320891942725}
  m_Father: {fileID: 4518488229717233}
  m_RootOrder: 0
  m_LocalEulerAnglesHint: {x: 90.00001, y: 0, z: 90}
--- !u!1 &1891265771405154
GameObject:
  serializedVersion: 5
  m_Component:
  - component: {fileID: 4438692647899389}
  m_Layer: 0
  m_Name: Puppet_L_Thigh
  m_TagString: Untagged
  m_Icon: {fileID: 0}
  m_NavMeshLayer: 0
  m_StaticEditorFlags: 0
  m_IsActive: 1
--- !u!4 &4438692647899389
Transform:
  m_GameObject: {fileID: 1891265771405154}
  m_LocalRotation: {x: -0.0161315, y: 0.9904017, z: -0.003159434, w: 0.1372379}
  m_LocalPosition: {x: 0.001186967, y: 3.09227E-05, z: 0.2426542}
  m_LocalScale: {x: 0.9999999, y: 0.9999999, z: 0.9999998}
  m_Children:
  - {fileID: 4182185205739526}
  m_Father: {fileID: 4709885537245705}
  m_RootOrder: 0
  m_LocalEulerAnglesHint: {x: -179.3638, y: -15.7678, z: 178.0456}
--- !u!1 &1267746370355011
GameObject:
  serializedVersion: 5
  m_Component:
  - component: {fileID: 4182185205739526}
  m_Layer: 0
  m_Name: Puppet_L_Calf
  m_TagString: Untagged
  m_Icon: {fileID: 0}
  m_NavMeshLayer: 0
  m_StaticEditorFlags: 0
  m_IsActive: 1
--- !u!4 &4182185205739526
Transform:
  m_GameObject: {fileID: 1267746370355011}
  m_LocalRotation: {x: -0.008058475, y: -0.003734543, z: 0.05742014, w: 0.9983106}
  m_LocalPosition: {x: -0.8103645, y: 4.470348E-08, z: 0}
  m_LocalScale: {x: 1, y: 0.9999999, z: 1}
  m_Children:
  - {fileID: 4581585740723520}
  m_Father: {fileID: 4438692647899389}
  m_RootOrder: 0
  m_LocalEulerAnglesHint: {x: -0.9465092, y: 0.3742031, z: -6.586835}
--- !u!1 &1805927147057226
GameObject:
  serializedVersion: 5
  m_Component:
  - component: {fileID: 4581585740723520}
  m_Layer: 0
  m_Name: Puppet_L_Foot
  m_TagString: Untagged
  m_Icon: {fileID: 0}
  m_NavMeshLayer: 0
  m_StaticEditorFlags: 0
  m_IsActive: 1
--- !u!4 &4581585740723520
Transform:
  m_GameObject: {fileID: 1805927147057226}
  m_LocalRotation: {x: -0.07258483, y: 0.1212711, z: -0.6146435, w: 0.7760401}
  m_LocalPosition: {x: -0.6870037, y: -8.544885E-08, z: -1.788139E-07}
  m_LocalScale: {x: 0.9999999, y: 1, z: 1}
  m_Children: []
  m_Father: {fileID: 4182185205739526}
  m_RootOrder: 0
  m_LocalEulerAnglesHint: {x: -15.24972, y: -5.681293, z: 77.52141}
--- !u!1 &1718670693925641
GameObject:
  serializedVersion: 5
  m_Component:
  - component: {fileID: 4470392593367348}
  m_Layer: 0
  m_Name: Puppet_R_Thigh
  m_TagString: Untagged
  m_Icon: {fileID: 0}
  m_NavMeshLayer: 0
  m_StaticEditorFlags: 0
  m_IsActive: 1
--- !u!4 &4470392593367348
Transform:
  m_GameObject: {fileID: 1718670693925641}
  m_LocalRotation: {x: -0.01613143, y: 0.9904003, z: 0.003159856, w: -0.1372482}
  m_LocalPosition: {x: 0.001186967, y: 3.093947E-05, z: -0.2426542}
  m_LocalScale: {x: 0.9999999, y: 0.9999999, z: 1}
  m_Children:
  - {fileID: 4260279502360060}
  m_Father: {fileID: 4709885537245705}
  m_RootOrder: 1
  m_LocalEulerAnglesHint: {x: 179.3637, y: 15.76899, z: 178.0456}
--- !u!1 &1323485549593803
GameObject:
  serializedVersion: 5
  m_Component:
  - component: {fileID: 4260279502360060}
  m_Layer: 0
  m_Name: Puppet_R_Calf
  m_TagString: Untagged
  m_Icon: {fileID: 0}
  m_NavMeshLayer: 0
  m_StaticEditorFlags: 0
  m_IsActive: 1
--- !u!4 &4260279502360060
Transform:
  m_GameObject: {fileID: 1323485549593803}
  m_LocalRotation: {x: 0.008059907, y: 0.003708916, z: 0.05741947, w: 0.9983107}
  m_LocalPosition: {x: -0.8103647, y: -8.195639E-08, z: 5.960464E-08}
  m_LocalScale: {x: 0.9999999, y: 0.9999999, z: 0.9999999}
  m_Children:
  - {fileID: 4751123155673002}
  m_Father: {fileID: 4470392593367348}
  m_RootOrder: 0
  m_LocalEulerAnglesHint: {x: 0.9465038, y: -0.3712627, z: -6.586733}
--- !u!1 &1223980206995323
GameObject:
  serializedVersion: 5
  m_Component:
  - component: {fileID: 4751123155673002}
  m_Layer: 0
  m_Name: Puppet_R_Foot
  m_TagString: Untagged
  m_Icon: {fileID: 0}
  m_NavMeshLayer: 0
  m_StaticEditorFlags: 0
  m_IsActive: 1
--- !u!4 &4751123155673002
Transform:
  m_GameObject: {fileID: 1223980206995323}
  m_LocalRotation: {x: 0.07257526, y: -0.1212598, z: -0.614644, w: 0.7760423}
  m_LocalPosition: {x: -0.6870037, y: -1.478475E-07, z: 1.788139E-07}
  m_LocalScale: {x: 1, y: 1, z: 1}
  m_Children: []
  m_Father: {fileID: 4260279502360060}
  m_RootOrder: 0
  m_LocalEulerAnglesHint: {x: 15.24802, y: 5.68099, z: 77.52117}
--- !u!1 &1090169506161525
GameObject:
  serializedVersion: 5
  m_Component:
  - component: {fileID: 4522339297950010}
  m_Layer: 0
  m_Name: Puppet_Spine
  m_TagString: Untagged
  m_Icon: {fileID: 0}
  m_NavMeshLayer: 0
  m_StaticEditorFlags: 0
  m_IsActive: 1
--- !u!4 &4522339297950010
Transform:
  m_GameObject: {fileID: 1090169506161525}
  m_LocalRotation: {x: 1.544556E-07, y: -5.960467E-08, z: -1.49076E-08, w: 1}
  m_LocalPosition: {x: -0.2761196, y: -6.239861E-08, z: 2.468433E-08}
  m_LocalScale: {x: 1, y: 0.9999999, z: 0.9999999}
  m_Children:
  - {fileID: 4420610397083778}
  m_Father: {fileID: 4709885537245705}
  m_RootOrder: 2
  m_LocalEulerAnglesHint: {x: 1.769931E-05, y: 6.830192E-06, z: 1.708287E-06}
--- !u!1 &1939678749454656
GameObject:
  serializedVersion: 5
  m_Component:
  - component: {fileID: 4420610397083778}
  m_Layer: 0
  m_Name: Puppet_Spine1
  m_TagString: Untagged
  m_Icon: {fileID: 0}
  m_NavMeshLayer: 0
  m_StaticEditorFlags: 0
  m_IsActive: 1
--- !u!4 &4420610397083778
Transform:
  m_GameObject: {fileID: 1939678749454656}
  m_LocalRotation: {x: -3.148596E-07, y: 3.808747E-08, z: -4.344828E-08, w: 1}
  m_LocalPosition: {x: -0.4406458, y: 3.259629E-09, z: -4.667018E-08}
  m_LocalScale: {x: 1, y: 0.9999999, z: 1}
  m_Children:
  - {fileID: 4430587438418797}
  - {fileID: 4818283955733456}
  - {fileID: 4373881854846466}
  - {fileID: 4170952045166536}
  - {fileID: 4455210695188290}
  m_Father: {fileID: 4522339297950010}
  m_RootOrder: 0
  m_LocalEulerAnglesHint: {x: -3.608025E-05, y: -4.364501E-06, z: 4.978807E-06}
--- !u!1 &1542353588761744
GameObject:
  serializedVersion: 5
  m_Component:
  - component: {fileID: 4430587438418797}
  m_Layer: 0
  m_Name: Puppet_Head
  m_TagString: Untagged
  m_Icon: {fileID: 0}
  m_NavMeshLayer: 0
  m_StaticEditorFlags: 0
  m_IsActive: 1
--- !u!4 &4430587438418797
Transform:
  m_GameObject: {fileID: 1542353588761744}
  m_LocalRotation: {x: -1.970442E-07, y: -2.295296E-08, z: 4.446926E-08, w: 1}
  m_LocalPosition: {x: -0.4307861, y: -2.947636E-07, z: 1.95103E-07}
  m_LocalScale: {x: 0.9999999, y: 0.9999999, z: 0.9999999}
  m_Children: []
  m_Father: {fileID: 4420610397083778}
  m_RootOrder: 0
  m_LocalEulerAnglesHint: {x: -2.25796E-05, y: 2.630214E-06, z: -5.095803E-06}
--- !u!1 &1497268344087155
GameObject:
  serializedVersion: 5
  m_Component:
  - component: {fileID: 4818283955733456}
  m_Layer: 0
  m_Name: Puppet_L_UpperArm
  m_TagString: Untagged
  m_Icon: {fileID: 0}
  m_NavMeshLayer: 0
  m_StaticEditorFlags: 0
  m_IsActive: 1
--- !u!4 &4818283955733456
Transform:
  m_GameObject: {fileID: 1497268344087155}
  m_LocalRotation: {x: 0.09085949, y: 0.7043183, z: 0.06593306, w: 0.7009516}
  m_LocalPosition: {x: -0.3866122, y: -0.09753167, z: 0.2274594}
  m_LocalScale: {x: 1, y: 1, z: 1}
  m_Children:
  - {fileID: 4822356120555514}
  m_Father: {fileID: 4420610397083778}
  m_RootOrder: 1
  m_LocalEulerAnglesHint: {x: 92.24626, y: -77.26622, z: -90.21387}
--- !u!1 &1505283676478935
GameObject:
  serializedVersion: 5
  m_Component:
  - component: {fileID: 4822356120555514}
  m_Layer: 0
  m_Name: Puppet_L_Forearm
  m_TagString: Untagged
  m_Icon: {fileID: 0}
  m_NavMeshLayer: 0
  m_StaticEditorFlags: 0
  m_IsActive: 1
--- !u!4 &4822356120555514
Transform:
  m_GameObject: {fileID: 1505283676478935}
  m_LocalRotation: {x: -0.01263392, y: -0.005008441, z: -0.1691805, w: 0.9854914}
  m_LocalPosition: {x: -0.7170303, y: 1.490116E-08, z: 2.384186E-07}
  m_LocalScale: {x: 1, y: 1, z: 1}
  m_Children:
  - {fileID: 4550720627254760}
  m_Father: {fileID: 4818283955733456}
  m_RootOrder: 0
  m_LocalEulerAnglesHint: {x: -1.329891, y: 0.8105547, z: 19.47276}
--- !u!1 &1497792026929396
GameObject:
  serializedVersion: 5
  m_Component:
  - component: {fileID: 4550720627254760}
  m_Layer: 0
  m_Name: Puppet_L_Hand
  m_TagString: Untagged
  m_Icon: {fileID: 0}
  m_NavMeshLayer: 0
  m_StaticEditorFlags: 0
  m_IsActive: 1
--- !u!4 &4550720627254760
Transform:
  m_GameObject: {fileID: 1497792026929396}
  m_LocalRotation: {x: 0.002501884, y: 0.01464337, z: -0.1177607, w: 0.9929309}
  m_LocalPosition: {x: -0.5242717, y: -1.192093E-07, z: 0}
  m_LocalScale: {x: 0.9999999, y: 1, z: 0.9999998}
  m_Children:
  - {fileID: 4335563795272175}
  m_Father: {fileID: 4822356120555514}
  m_RootOrder: 0
  m_LocalEulerAnglesHint: {x: 0.08710326, y: -1.700156, z: 13.52597}
--- !u!1 &1703932620446583
GameObject:
  serializedVersion: 5
  m_Component:
  - component: {fileID: 4335563795272175}
  m_Layer: 0
  m_Name: Puppet_L_Sword
  m_TagString: Untagged
  m_Icon: {fileID: 0}
  m_NavMeshLayer: 0
  m_StaticEditorFlags: 0
  m_IsActive: 1
--- !u!4 &4335563795272175
Transform:
  m_GameObject: {fileID: 1703932620446583}
  m_LocalRotation: {x: 0.003957124, y: -0.01586078, z: -0.571546, w: 0.8204072}
  m_LocalPosition: {x: -0.2339735, y: 0.08982825, z: 0.0433383}
  m_LocalScale: {x: 0.9999999, y: 0.9999999, z: 0.9999999}
  m_Children: []
  m_Father: {fileID: 4550720627254760}
  m_RootOrder: 0
  m_LocalEulerAnglesHint: {x: 1.411277, y: 1.232026, z: 69.74204}
--- !u!1 &1374122541967905
GameObject:
  serializedVersion: 5
  m_Component:
  - component: {fileID: 4373881854846466}
  m_Layer: 0
  m_Name: Puppet_L_UpperArm02
  m_TagString: Untagged
  m_Icon: {fileID: 0}
  m_NavMeshLayer: 0
  m_StaticEditorFlags: 0
  m_IsActive: 1
--- !u!4 &4373881854846466
Transform:
  m_GameObject: {fileID: 1374122541967905}
  m_LocalRotation: {x: 0.09085934, y: 0.7043183, z: 0.06593309, w: 0.7009516}
  m_LocalPosition: {x: -0.2688274, y: 0.0205876, z: 0.2957756}
  m_LocalScale: {x: 0.9999999, y: 1, z: 1}
  m_Children:
  - {fileID: 4636474973411712}
  m_Father: {fileID: 4420610397083778}
  m_RootOrder: 2
  m_LocalEulerAnglesHint: {x: 92.24625, y: -77.26623, z: -90.21387}
--- !u!1 &1799199366207231
GameObject:
  serializedVersion: 5
  m_Component:
  - component: {fileID: 4636474973411712}
  m_Layer: 0
  m_Name: Puppet_L_Forearm02
  m_TagString: Untagged
  m_Icon: {fileID: 0}
  m_NavMeshLayer: 0
  m_StaticEditorFlags: 0
  m_IsActive: 1
--- !u!4 &4636474973411712
Transform:
  m_GameObject: {fileID: 1799199366207231}
  m_LocalRotation: {x: -0.012634, y: -0.005008452, z: -0.1691804, w: 0.9854914}
  m_LocalPosition: {x: -0.7170305, y: -1.192093E-07, z: 2.384186E-07}
  m_LocalScale: {x: 0.9999998, y: 0.9999998, z: 1}
  m_Children:
  - {fileID: 4549025581725307}
  m_Father: {fileID: 4373881854846466}
  m_RootOrder: 0
  m_LocalEulerAnglesHint: {x: -1.329901, y: 0.8105574, z: 19.47275}
--- !u!1 &1718034030746204
GameObject:
  serializedVersion: 5
  m_Component:
  - component: {fileID: 4549025581725307}
  m_Layer: 0
  m_Name: Puppet_L_Hand02
  m_TagString: Untagged
  m_Icon: {fileID: 0}
  m_NavMeshLayer: 0
  m_StaticEditorFlags: 0
  m_IsActive: 1
--- !u!4 &4549025581725307
Transform:
  m_GameObject: {fileID: 1718034030746204}
  m_LocalRotation: {x: 0.002501924, y: 0.01464341, z: -0.1177608, w: 0.9929309}
  m_LocalPosition: {x: -0.5242718, y: -1.192093E-07, z: 0}
  m_LocalScale: {x: 1, y: 1, z: 0.9999999}
  m_Children:
  - {fileID: 4434935601707963}
  m_Father: {fileID: 4636474973411712}
  m_RootOrder: 0
  m_LocalEulerAnglesHint: {x: 0.08710706, y: -1.700161, z: 13.52598}
--- !u!1 &1018386917403343
GameObject:
  serializedVersion: 5
  m_Component:
  - component: {fileID: 4434935601707963}
  m_Layer: 0
  m_Name: Puppet_L_Sword02
  m_TagString: Untagged
  m_Icon: {fileID: 0}
  m_NavMeshLayer: 0
  m_StaticEditorFlags: 0
  m_IsActive: 1
--- !u!4 &4434935601707963
Transform:
  m_GameObject: {fileID: 1018386917403343}
  m_LocalRotation: {x: 0.003957091, y: -0.01586084, z: -0.571546, w: 0.8204072}
  m_LocalPosition: {x: -0.2339735, y: 0.08982819, z: 0.04333782}
  m_LocalScale: {x: 0.9999998, y: 0.9999998, z: 0.9999999}
  m_Children: []
  m_Father: {fileID: 4549025581725307}
  m_RootOrder: 0
  m_LocalEulerAnglesHint: {x: 1.411277, y: 1.232033, z: 69.74205}
--- !u!1 &1331373959739867
GameObject:
  serializedVersion: 5
  m_Component:
  - component: {fileID: 4170952045166536}
  m_Layer: 0
  m_Name: Puppet_R_UpperArm
  m_TagString: Untagged
  m_Icon: {fileID: 0}
  m_NavMeshLayer: 0
  m_StaticEditorFlags: 0
  m_IsActive: 1
--- !u!4 &4170952045166536
Transform:
  m_GameObject: {fileID: 1331373959739867}
  m_LocalRotation: {x: -0.09085892, y: -0.7043183, z: 0.06593336, w: 0.7009516}
  m_LocalPosition: {x: -0.3866129, y: -0.09753153, z: -0.234885}
  m_LocalScale: {x: 1, y: 1, z: 1}
  m_Children:
  - {fileID: 4836163051839259}
  m_Father: {fileID: 4420610397083778}
  m_RootOrder: 3
  m_LocalEulerAnglesHint: {x: -92.24623, y: 77.26624, z: -90.21391}
--- !u!1 &1332491186070501
GameObject:
  serializedVersion: 5
  m_Component:
  - component: {fileID: 4836163051839259}
  m_Layer: 0
  m_Name: Puppet_R_Forearm
  m_TagString: Untagged
  m_Icon: {fileID: 0}
  m_NavMeshLayer: 0
  m_StaticEditorFlags: 0
  m_IsActive: 1
--- !u!4 &4836163051839259
Transform:
  m_GameObject: {fileID: 1332491186070501}
  m_LocalRotation: {x: 0.01263379, y: 0.005008471, z: -0.1691804, w: 0.9854914}
  m_LocalPosition: {x: -0.7170302, y: -8.940697E-08, z: 0}
  m_LocalScale: {x: 0.9999999, y: 0.9999998, z: 0.9999996}
  m_Children:
  - {fileID: 4505725136691878}
  m_Father: {fileID: 4170952045166536}
  m_RootOrder: 0
  m_LocalEulerAnglesHint: {x: 1.329876, y: -0.8105553, z: 19.47275}
--- !u!1 &1436456685495290
GameObject:
  serializedVersion: 5
  m_Component:
  - component: {fileID: 4505725136691878}
  m_Layer: 0
  m_Name: Puppet_R_Hand
  m_TagString: Untagged
  m_Icon: {fileID: 0}
  m_NavMeshLayer: 0
  m_StaticEditorFlags: 0
  m_IsActive: 1
--- !u!4 &4505725136691878
Transform:
  m_GameObject: {fileID: 1436456685495290}
  m_LocalRotation: {x: -0.002501872, y: -0.01464352, z: -0.1177608, w: 0.9929309}
  m_LocalPosition: {x: -0.5242717, y: -1.490116E-07, z: 2.384186E-07}
  m_LocalScale: {x: 1, y: 0.9999999, z: 0.9999999}
  m_Children:
  - {fileID: 4116218588505773}
  m_Father: {fileID: 4836163051839259}
  m_RootOrder: 0
  m_LocalEulerAnglesHint: {x: -0.08709977, y: 1.700172, z: 13.52598}
--- !u!1 &1364857076487818
GameObject:
  serializedVersion: 5
  m_Component:
  - component: {fileID: 4116218588505773}
  m_Layer: 0
  m_Name: Puppet_R_Sword
  m_TagString: Untagged
  m_Icon: {fileID: 0}
  m_NavMeshLayer: 0
  m_StaticEditorFlags: 0
  m_IsActive: 1
--- !u!4 &4116218588505773
Transform:
  m_GameObject: {fileID: 1364857076487818}
  m_LocalRotation: {x: -0.003957199, y: 0.01586086, z: -0.5715463, w: 0.820407}
  m_LocalPosition: {x: -0.2271663, y: 0.09234512, z: -0.04351711}
  m_LocalScale: {x: 0.9999998, y: 0.9999997, z: 1}
  m_Children: []
  m_Father: {fileID: 4505725136691878}
  m_RootOrder: 0
  m_LocalEulerAnglesHint: {x: -1.411289, y: -1.232028, z: 69.74208}
--- !u!1 &1724536938971257
GameObject:
  serializedVersion: 5
  m_Component:
  - component: {fileID: 4455210695188290}
  m_Layer: 0
  m_Name: Puppet_R_UpperArm02
  m_TagString: Untagged
  m_Icon: {fileID: 0}
  m_NavMeshLayer: 0
  m_StaticEditorFlags: 0
  m_IsActive: 1
--- !u!4 &4455210695188290
Transform:
  m_GameObject: {fileID: 1724536938971257}
  m_LocalRotation: {x: -0.0908591, y: -0.7043183, z: 0.06593294, w: 0.7009516}
  m_LocalPosition: {x: -0.2688274, y: 0.02058767, z: -0.299646}
  m_LocalScale: {x: 1, y: 0.9999999, z: 0.9999999}
  m_Children:
  - {fileID: 4750418127394251}
  m_Father: {fileID: 4420610397083778}
  m_RootOrder: 4
  m_LocalEulerAnglesHint: {x: -92.24628, y: 77.26627, z: -90.21391}
--- !u!1 &1080072811006800
GameObject:
  serializedVersion: 5
  m_Component:
  - component: {fileID: 4750418127394251}
  m_Layer: 0
  m_Name: Puppet_R_Forearm02
  m_TagString: Untagged
  m_Icon: {fileID: 0}
  m_NavMeshLayer: 0
  m_StaticEditorFlags: 0
  m_IsActive: 1
--- !u!4 &4750418127394251
Transform:
  m_GameObject: {fileID: 1080072811006800}
  m_LocalRotation: {x: 0.01263394, y: 0.005008489, z: -0.1691804, w: 0.9854914}
  m_LocalPosition: {x: -0.7170306, y: -5.215406E-08, z: 4.768372E-07}
  m_LocalScale: {x: 0.9999999, y: 0.9999999, z: 1}
  m_Children:
  - {fileID: 4474924202656189}
  m_Father: {fileID: 4455210695188290}
  m_RootOrder: 0
  m_LocalEulerAnglesHint: {x: 1.329893, y: -0.8105604, z: 19.47275}
--- !u!1 &1388617067076847
GameObject:
  serializedVersion: 5
  m_Component:
  - component: {fileID: 4474924202656189}
  m_Layer: 0
  m_Name: Puppet_R_Hand02
  m_TagString: Untagged
  m_Icon: {fileID: 0}
  m_NavMeshLayer: 0
  m_StaticEditorFlags: 0
  m_IsActive: 1
--- !u!4 &4474924202656189
Transform:
  m_GameObject: {fileID: 1388617067076847}
  m_LocalRotation: {x: -0.002501932, y: -0.01464339, z: -0.1177607, w: 0.9929309}
  m_LocalPosition: {x: -0.524272, y: -5.960464E-08, z: 2.384186E-07}
  m_LocalScale: {x: 1, y: 1, z: 0.9999999}
  m_Children:
  - {fileID: 4057643578360795}
  m_Father: {fileID: 4750418127394251}
  m_RootOrder: 0
  m_LocalEulerAnglesHint: {x: -0.08710831, y: 1.700158, z: 13.52598}
--- !u!1 &1918656916956184
GameObject:
  serializedVersion: 5
  m_Component:
  - component: {fileID: 4057643578360795}
  m_Layer: 0
  m_Name: Puppet_R_Sword02
  m_TagString: Untagged
  m_Icon: {fileID: 0}
  m_NavMeshLayer: 0
  m_StaticEditorFlags: 0
  m_IsActive: 1
--- !u!4 &4057643578360795
Transform:
  m_GameObject: {fileID: 1918656916956184}
  m_LocalRotation: {x: -0.003957068, y: 0.01586084, z: -0.571546, w: 0.8204072}
  m_LocalPosition: {x: -0.2339734, y: 0.08982819, z: -0.04333806}
  m_LocalScale: {x: 0.9999999, y: 1, z: 1}
  m_Children: []
  m_Father: {fileID: 4474924202656189}
  m_RootOrder: 0
  m_LocalEulerAnglesHint: {x: -1.411275, y: -1.232034, z: 69.74205}
--- !u!1 &1942809686976911
GameObject:
  serializedVersion: 5
  m_Component:
  - component: {fileID: 4684320891942725}
  m_Layer: 0
  m_Name: Puppet_Tasset01
  m_TagString: Untagged
  m_Icon: {fileID: 0}
  m_NavMeshLayer: 0
  m_StaticEditorFlags: 0
  m_IsActive: 1
--- !u!4 &4684320891942725
Transform:
  m_GameObject: {fileID: 1942809686976911}
  m_LocalRotation: {x: 9.56276E-08, y: 1.940357E-07, z: 0.997969, w: -0.06370249}
  m_LocalPosition: {x: -0.08515167, y: 0.2127959, z: -1.77557E-08}
  m_LocalScale: {x: 0.9999999, y: 0.9999999, z: 0.9999999}
  m_Children:
  - {fileID: 4948763939390458}
  m_Father: {fileID: 4709885537245705}
  m_RootOrder: 3
  m_LocalEulerAnglesHint: {x: 2.149164E-05, y: 1.235227E-05, z: 172.6953}
--- !u!1 &1205738188457439
GameObject:
  serializedVersion: 5
  m_Component:
  - component: {fileID: 4948763939390458}
  m_Layer: 0
  m_Name: Puppet_Tasset02
  m_TagString: Untagged
  m_Icon: {fileID: 0}
  m_NavMeshLayer: 0
  m_StaticEditorFlags: 0
  m_IsActive: 1
--- !u!4 &4948763939390458
Transform:
  m_GameObject: {fileID: 1205738188457439}
  m_LocalRotation: {x: -2.633756E-07, y: 1.355843E-07, z: 0.02603391, w: 0.9996611}
  m_LocalPosition: {x: -0.3313352, y: -5.960464E-08, z: 3.649181E-08}
  m_LocalScale: {x: 0.9999999, y: 0.9999999, z: 1}
  m_Children: []
  m_Father: {fileID: 4684320891942725}
  m_RootOrder: 0
  m_LocalEulerAnglesHint: {x: -2.976591E-05, y: -1.631727E-05, z: -2.983603}
--- !u!1 &1905670279047498
GameObject:
  serializedVersion: 5
  m_Component:
  - component: {fileID: 4804082166357504}
  m_Layer: 0
  m_Name: Puppet_Root
  m_TagString: Untagged
  m_Icon: {fileID: 0}
  m_NavMeshLayer: 0
  m_StaticEditorFlags: 0
  m_IsActive: 1
--- !u!4 &4804082166357504
Transform:
  m_GameObject: {fileID: 1905670279047498}
  m_LocalRotation: {x: -0.7071068, y: 0, z: 0, w: 0.7071068}
  m_LocalPosition: {x: 0, y: 0, z: 0}
  m_LocalScale: {x: 1, y: 1, z: 1}
  m_Children: []
  m_Father: {fileID: 4518488229717233}
  m_RootOrder: 1
  m_LocalEulerAnglesHint: {x: -90, y: 0, z: 0}
--- !u!1 &1293642397216411
GameObject:
  serializedVersion: 5
  m_Component:
  - component: {fileID: 4217050163637728}
  - component: {fileID: 137661005119429340}
  m_Layer: 0
  m_Name: Quadurai
  m_TagString: Untagged
  m_Icon: {fileID: 0}
  m_NavMeshLayer: 0
  m_StaticEditorFlags: 0
  m_IsActive: 1
--- !u!4 &4217050163637728
Transform:
  m_GameObject: {fileID: 1293642397216411}
  m_LocalRotation: {x: -0.7071068, y: 0, z: 0, w: 0.7071068}
  m_LocalPosition: {x: 0, y: 0, z: 0}
  m_LocalScale: {x: 1, y: 1, z: 1}
  m_Children: []
  m_Father: {fileID: 4518488229717233}
  m_RootOrder: 2
  m_LocalEulerAnglesHint: {x: -90, y: 0, z: 0}
--- !u!137 &137661005119429340
SkinnedMeshRenderer:
  m_GameObject: {fileID: 1293642397216411}
  m_Enabled: 1
  m_CastShadows: 1
  m_ReceiveShadows: 1
  m_DynamicOccludee: 1
  m_MotionVectors: 1
  m_LightProbeUsage: 0
  m_ReflectionProbeUsage: 1
  m_Materials:
  - {fileID: 2100000, guid: 7986044b02951f246a28743e7643b32b, type: 2}
  m_StaticBatchInfo:
    firstSubMesh: 0
    subMeshCount: 0
  m_StaticBatchRoot: {fileID: 0}
  m_ProbeAnchor: {fileID: 0}
  m_LightProbeVolumeOverride: {fileID: 0}
  m_ScaleInLightmap: 1
  m_PreserveUVs: 0
  m_IgnoreNormalsForChartDetection: 0
  m_ImportantGI: 0
  m_StitchLightmapSeams: 0
  m_SelectedEditorRenderState: 3
  m_MinimumChartSize: 4
  m_AutoUVMaxDistance: 0.5
  m_AutoUVMaxAngle: 89
  m_LightmapParameters: {fileID: 0}
  m_SortingLayerID: 0
  m_SortingLayer: 0
  m_SortingOrder: 0
  serializedVersion: 2
  m_Quality: 0
  m_UpdateWhenOffscreen: 0
  m_skinnedMotionVectors: 0
  m_Mesh: {fileID: 4300000, guid: b936b05889deb43409ca2face5b203bc, type: 2}
  m_Bones:
  - {fileID: 4470392593367348}
  - {fileID: 4260279502360060}
  - {fileID: 4709885537245705}
  - {fileID: 4522339297950010}
  - {fileID: 4420610397083778}
  - {fileID: 4430587438418797}
  - {fileID: 4170952045166536}
  - {fileID: 4948763939390458}
  - {fileID: 4684320891942725}
  - {fileID: 4438692647899389}
  - {fileID: 4182185205739526}
  - {fileID: 4818283955733456}
  - {fileID: 4751123155673002}
  - {fileID: 4581585740723520}
  - {fileID: 4373881854846466}
  - {fileID: 4636474973411712}
  - {fileID: 4549025581725307}
  - {fileID: 4434935601707963}
  - {fileID: 4822356120555514}
  - {fileID: 4550720627254760}
  - {fileID: 4335563795272175}
  - {fileID: 4455210695188290}
  - {fileID: 4750418127394251}
  - {fileID: 4474924202656189}
  - {fileID: 4057643578360795}
  - {fileID: 4505725136691878}
  - {fileID: 4836163051839259}
  - {fileID: 4116218588505773}
  m_BlendShapeWeights: []
  m_RootBone: {fileID: 4709885537245705}
  m_AABB:
    m_Center: {x: -0.5260949, y: 0.7035251, z: 0}
    m_Extent: {x: 2.077509, y: 1.114276, z: 1.806763}
  m_DirtyAABB: 0
--- !u!1 &1199661581420356
GameObject:
  serializedVersion: 5
  m_Component:
  - component: {fileID: 4939690921489605}
  - component: {fileID: 137159498445395022}
  m_Layer: 0
  m_Name: Quadurai_Outline
  m_TagString: Untagged
  m_Icon: {fileID: 0}
  m_NavMeshLayer: 0
  m_StaticEditorFlags: 0
  m_IsActive: 1
--- !u!4 &4939690921489605
Transform:
  m_GameObject: {fileID: 1199661581420356}
  m_LocalRotation: {x: -0.7071068, y: 0, z: 0, w: 0.7071068}
  m_LocalPosition: {x: 0, y: 0, z: 0}
  m_LocalScale: {x: 1, y: 1, z: 1}
  m_Children: []
  m_Father: {fileID: 4518488229717233}
  m_RootOrder: 3
  m_LocalEulerAnglesHint: {x: -90, y: 0, z: 0}
--- !u!137 &137159498445395022
SkinnedMeshRenderer:
  m_GameObject: {fileID: 1199661581420356}
  m_Enabled: 1
  m_CastShadows: 1
  m_ReceiveShadows: 1
  m_DynamicOccludee: 1
  m_MotionVectors: 1
  m_LightProbeUsage: 0
  m_ReflectionProbeUsage: 1
  m_Materials:
  - {fileID: 2100000, guid: 7986044b02951f246a28743e7643b32b, type: 2}
  m_StaticBatchInfo:
    firstSubMesh: 0
    subMeshCount: 0
  m_StaticBatchRoot: {fileID: 0}
  m_ProbeAnchor: {fileID: 0}
  m_LightProbeVolumeOverride: {fileID: 0}
  m_ScaleInLightmap: 1
  m_PreserveUVs: 0
  m_IgnoreNormalsForChartDetection: 0
  m_ImportantGI: 0
  m_StitchLightmapSeams: 0
  m_SelectedEditorRenderState: 3
  m_MinimumChartSize: 4
  m_AutoUVMaxDistance: 0.5
  m_AutoUVMaxAngle: 89
  m_LightmapParameters: {fileID: 0}
  m_SortingLayerID: 0
  m_SortingLayer: 0
  m_SortingOrder: 0
  serializedVersion: 2
  m_Quality: 0
  m_UpdateWhenOffscreen: 0
  m_skinnedMotionVectors: 0
  m_Mesh: {fileID: 4300000, guid: d5dcd1fa4e1aa384c9f002ed9960c63a, type: 2}
  m_Bones:
  - {fileID: 4470392593367348}
  - {fileID: 4260279502360060}
  - {fileID: 4709885537245705}
  - {fileID: 4522339297950010}
  - {fileID: 4420610397083778}
  - {fileID: 4430587438418797}
  - {fileID: 4170952045166536}
  - {fileID: 4438692647899389}
  - {fileID: 4182185205739526}
  - {fileID: 4818283955733456}
  - {fileID: 4751123155673002}
  - {fileID: 4581585740723520}
  - {fileID: 4373881854846466}
  - {fileID: 4636474973411712}
  - {fileID: 4549025581725307}
  - {fileID: 4455210695188290}
  - {fileID: 4750418127394251}
  - {fileID: 4474924202656189}
  - {fileID: 4836163051839259}
  - {fileID: 4505725136691878}
  - {fileID: 4822356120555514}
  - {fileID: 4550720627254760}
  m_BlendShapeWeights: []
  m_RootBone: {fileID: 4709885537245705}
  m_AABB:
    m_Center: {x: -0.3403416, y: -0.03074417, z: 0}
    m_Extent: {x: 1.903819, y: 0.3930551, z: 1.824729}
  m_DirtyAABB: 0
