%YAML 1.1
%TAG !u! tag:unity3d.com,2011:
--- !u!1001 &100100000
Prefab:
  serializedVersion: 2
  m_Modification:
    m_TransformParent: {fileID: 0}
    m_Modifications: []
    m_RemovedComponents: []
  m_ParentPrefab: {fileID: 0}
  m_RootGameObject: {fileID: 1931751197622200}
  m_IsPrefabParent: 1
--- !u!1 &1931751197622200
GameObject:
  serializedVersion: 5
  m_Component:
  - component: {fileID: 4608518309941651}
  - component: {fileID: 114076948404662455}
  - component: {fileID: 111311838218060743}
  - component: {fileID: 114386692265675878}
  - component: {fileID: 82778276225429634}
  - component: {fileID: 114914355405745279}
  - component: {fileID: 114877435997386407}
  m_Layer: 0
  m_Name: low_CameraDude
  m_TagString: Untagged
  m_Icon: {fileID: 0}
  m_NavMeshLayer: 0
  m_StaticEditorFlags: 0
  m_IsActive: 1
--- !u!4 &4608518309941651
Transform:
  m_GameObject: {fileID: 1931751197622200}
  m_LocalRotation: {x: 0, y: 0, z: 0, w: 1}
  m_LocalPosition: {x: 0, y: 0, z: 0}
  m_LocalScale: {x: 1, y: 1, z: 1}
  m_Children:
  - {fileID: 4047656927776250}
  - {fileID: 4889627858128832}
  - {fileID: 4807699459854478}
  - {fileID: 4371455925161487}
  m_Father: {fileID: 0}
  m_RootOrder: 0
  m_LocalEulerAnglesHint: {x: 0, y: 0, z: 0}
--- !u!114 &114076948404662455
MonoBehaviour:
  m_GameObject: {fileID: 1931751197622200}
  m_Enabled: 1
  m_EditorHideFlags: 0
  m_Script: {fileID: 11500000, guid: 6e747496cc7150a4d9a99cc04d45a720, type: 3}
  m_Name:
  m_EditorClassIdentifier:
  tutorial_ID:
  VOClip: {fileID: 0}
  VOLength: 0
  onlyOnce: 0
--- !u!111 &111311838218060743
Animation:
  m_GameObject: {fileID: 1931751197622200}
  m_Enabled: 1
  serializedVersion: 3
  m_Animation: {fileID: 0}
  m_Animations:
  - {fileID: 7400000, guid: 6a3e4325ee0db1c45bf2cd4f17030d0d, type: 2}
  - {fileID: 7400000, guid: 8bb1a55df45c5d942b41d9c9d2304207, type: 2}
  - {fileID: 7400000, guid: 316eb1bea4764dd468c42b22089931c9, type: 2}
  - {fileID: 7400000, guid: e84bef836c2ecd54da4577a9ef1eaf8f, type: 2}
  - {fileID: 7400000, guid: 2e0c4e004a66bb84aaee5942cf107dc0, type: 2}
  - {fileID: 7400000, guid: 9a239176375c85f40a4f4f846f435f4c, type: 2}
  - {fileID: 7400000, guid: d57db057cb8641d42a36f78cfdbc042b, type: 2}
  - {fileID: 7400000, guid: 11cc4faff5e3e1c4ebc0e5ebf0cff9ed, type: 2}
  m_WrapMode: 0
  m_PlayAutomatically: 0
  m_AnimatePhysics: 0
  m_CullingType: 1
--- !u!114 &114386692265675878
MonoBehaviour:
  m_GameObject: {fileID: 1931751197622200}
  m_Enabled: 1
  m_EditorHideFlags: 0
  m_Script: {fileID: 11500000, guid: 203ebd45b8aad6940846389310fb33f6, type: 3}
  m_Name:
  m_EditorClassIdentifier:
  SpawnEffect: {fileID: 0}
  SpawnAudio: {fileID: 0}
  SpawnAudioDelaySecs: 0
  Intro: CameraDude_Intro
  Idle: CameraDude_Idle
  IntroLength: 1.9
  hpBar: {fileID: 0}
--- !u!82 &82778276225429634
AudioSource:
  m_GameObject: {fileID: 1931751197622200}
  m_Enabled: 1
  serializedVersion: 4
  OutputAudioMixerGroup: {fileID: 0}
  m_audioClip: {fileID: 0}
  m_PlayOnAwake: 0
  m_Volume: 1
  m_Pitch: 1
  Loop: 0
  Mute: 0
  Spatialize: 0
  SpatializePostEffects: 0
  Priority: 128
  DopplerLevel: 1
  MinDistance: 1
  MaxDistance: 500
  Pan2D: 0
  rolloffMode: 2
  BypassEffects: 0
  BypassListenerEffects: 0
  BypassReverbZones: 0
  rolloffCustomCurve:
    serializedVersion: 2
    m_Curve:
    - serializedVersion: 2
      time: 0
      value: 1
      inSlope: 0
      outSlope: 0
      tangentMode: 0
    - serializedVersion: 2
      time: 1
      value: 1
      inSlope: 0
      outSlope: 0
      tangentMode: 0
    m_PreInfinity: 2
    m_PostInfinity: 2
    m_RotationOrder: 0
  panLevelCustomCurve:
    serializedVersion: 2
    m_Curve:
    - serializedVersion: 2
      time: 0
      value: 0
      inSlope: 0
      outSlope: 0
      tangentMode: 0
    m_PreInfinity: 2
    m_PostInfinity: 2
    m_RotationOrder: 0
  spreadCustomCurve:
    serializedVersion: 2
    m_Curve:
    - serializedVersion: 2
      time: 0
      value: 0
      inSlope: 0
      outSlope: 0
      tangentMode: 0
    m_PreInfinity: 2
    m_PostInfinity: 2
    m_RotationOrder: 0
  reverbZoneMixCustomCurve:
    serializedVersion: 2
    m_Curve:
    - serializedVersion: 2
      time: 0
      value: 1
      inSlope: 0
      outSlope: 0
      tangentMode: 0
    m_PreInfinity: 2
    m_PostInfinity: 2
    m_RotationOrder: 0
--- !u!114 &114914355405745279
MonoBehaviour:
  m_GameObject: {fileID: 1931751197622200}
  m_Enabled: 1
  m_EditorHideFlags: 0
  m_Script: {fileID: 11500000, guid: 816f303b97b032a4d9e1a96b34158d44, type: 3}
  m_Name:
  m_EditorClassIdentifier:
  Tombstone: {fileID: 0}
  Timer: 0
  Idle:
  RemoveTombstone: 0
  DamageDealt: 0
  Flooped: 0
  Crash: 0
--- !u!114 &114877435997386407
MonoBehaviour:
  m_GameObject: {fileID: 1931751197622200}
  m_Enabled: 1
  m_EditorHideFlags: 0
  m_Script: {fileID: 11500000, guid: 9390b1f887e33a34caef2ef05f3f87a5, type: 3}
  m_Name:
  m_EditorClassIdentifier:
  animTarget: {fileID: 0}
  animName:
--- !u!1 &1683952574200955
GameObject:
  serializedVersion: 5
  m_Component:
  - component: {fileID: 4047656927776250}
  - component: {fileID: 137069072917163914}
  m_Layer: 0
  m_Name: CameraDude
  m_TagString: Untagged
  m_Icon: {fileID: 0}
  m_NavMeshLayer: 0
  m_StaticEditorFlags: 0
  m_IsActive: 1
--- !u!4 &4047656927776250
Transform:
  m_GameObject: {fileID: 1683952574200955}
  m_LocalRotation: {x: -0.7071068, y: 0, z: 0, w: 0.7071068}
  m_LocalPosition: {x: 0, y: -0.001280206, z: -5.595956E-11}
  m_LocalScale: {x: 1, y: 1, z: 1}
  m_Children: []
  m_Father: {fileID: 4608518309941651}
  m_RootOrder: 0
  m_LocalEulerAnglesHint: {x: -90, y: 0, z: 0}
--- !u!137 &137069072917163914
SkinnedMeshRenderer:
  m_GameObject: {fileID: 1683952574200955}
  m_Enabled: 1
  m_CastShadows: 1
  m_ReceiveShadows: 1
  m_DynamicOccludee: 1
  m_MotionVectors: 1
  m_LightProbeUsage: 0
  m_ReflectionProbeUsage: 1
  m_Materials:
  - {fileID: 2100000, guid: 144fb3b659a2f2046bba11185fc7ba80, type: 2}
  m_StaticBatchInfo:
    firstSubMesh: 0
    subMeshCount: 0
  m_StaticBatchRoot: {fileID: 0}
  m_ProbeAnchor: {fileID: 0}
  m_LightProbeVolumeOverride: {fileID: 0}
  m_ScaleInLightmap: 1
  m_PreserveUVs: 0
  m_IgnoreNormalsForChartDetection: 0
  m_ImportantGI: 0
  m_StitchLightmapSeams: 0
  m_SelectedEditorRenderState: 3
  m_MinimumChartSize: 4
  m_AutoUVMaxDistance: 0.5
  m_AutoUVMaxAngle: 89
  m_LightmapParameters: {fileID: 0}
  m_SortingLayerID: 0
  m_SortingLayer: 0
  m_SortingOrder: 0
  serializedVersion: 2
  m_Quality: 0
  m_UpdateWhenOffscreen: 0
  m_skinnedMotionVectors: 0
  m_Mesh: {fileID: 4300000, guid: 61fa81cee363d7c468813e22752a2716, type: 2}
  m_Bones:
  - {fileID: 4939976420060282}
  - {fileID: 4033863821083014}
  - {fileID: 4592407675117806}
  - {fileID: 4711987238464504}
  - {fileID: 4295945610574168}
  - {fileID: 4143915285607701}
  - {fileID: 4542101725533409}
  - {fileID: 4357427624280546}
  - {fileID: 4636997951529658}
  - {fileID: 4807699459854478}
  - {fileID: 4376538750241199}
  - {fileID: 4796924359726240}
  - {fileID: 4699216565101523}
  m_BlendShapeWeights: []
  m_RootBone: {fileID: 4807699459854478}
  m_AABB:
    m_Center: {x: -1.329277, y: 0.1933904, z: 0.009586453}
    m_Extent: {x: 1.326376, y: 0.376341, z: 0.8608077}
  m_DirtyAABB: 0
--- !u!1 &1632244830473673
GameObject:
  serializedVersion: 5
  m_Component:
  - component: {fileID: 4889627858128832}
  - component: {fileID: 137158970135177105}
  m_Layer: 0
  m_Name: CameraDude_Outline
  m_TagString: Untagged
  m_Icon: {fileID: 0}
  m_NavMeshLayer: 0
  m_StaticEditorFlags: 0
  m_IsActive: 1
--- !u!4 &4889627858128832
Transform:
  m_GameObject: {fileID: 1632244830473673}
  m_LocalRotation: {x: -0.7071068, y: 0, z: 0, w: 0.7071068}
  m_LocalPosition: {x: 0, y: 0, z: 0}
  m_LocalScale: {x: 1, y: 1, z: 1}
  m_Children: []
  m_Father: {fileID: 4608518309941651}
  m_RootOrder: 1
  m_LocalEulerAnglesHint: {x: -90, y: 0, z: 0}
--- !u!137 &137158970135177105
SkinnedMeshRenderer:
  m_GameObject: {fileID: 1632244830473673}
  m_Enabled: 1
  m_CastShadows: 1
  m_ReceiveShadows: 1
  m_DynamicOccludee: 1
  m_MotionVectors: 1
  m_LightProbeUsage: 0
  m_ReflectionProbeUsage: 1
  m_Materials:
  - {fileID: 2100000, guid: 144fb3b659a2f2046bba11185fc7ba80, type: 2}
  m_StaticBatchInfo:
    firstSubMesh: 0
    subMeshCount: 0
  m_StaticBatchRoot: {fileID: 0}
  m_ProbeAnchor: {fileID: 0}
  m_LightProbeVolumeOverride: {fileID: 0}
  m_ScaleInLightmap: 1
  m_PreserveUVs: 0
  m_IgnoreNormalsForChartDetection: 0
  m_ImportantGI: 0
  m_StitchLightmapSeams: 0
  m_SelectedEditorRenderState: 3
  m_MinimumChartSize: 4
  m_AutoUVMaxDistance: 0.5
  m_AutoUVMaxAngle: 89
  m_LightmapParameters: {fileID: 0}
  m_SortingLayerID: 0
  m_SortingLayer: 0
  m_SortingOrder: 0
  serializedVersion: 2
  m_Quality: 0
  m_UpdateWhenOffscreen: 0
  m_skinnedMotionVectors: 0
  m_Mesh: {fileID: 4300000, guid: 02a00ef5aec77894499bbafdfd391a0c, type: 2}
  m_Bones:
  - {fileID: 4939976420060282}
  - {fileID: 4033863821083014}
  - {fileID: 4143915285607701}
  - {fileID: 4711987238464504}
  - {fileID: 4636997951529658}
  - {fileID: 4807699459854478}
  - {fileID: 4295945610574168}
  - {fileID: 4376538750241199}
  - {fileID: 4542101725533409}
  - {fileID: 4796924359726240}
  - {fileID: 4357427624280546}
  m_BlendShapeWeights: []
  m_RootBone: {fileID: 4807699459854478}
  m_AABB:
    m_Center: {x: -1.205078, y: 0.1118625, z: 0}
    m_Extent: {x: 1.207756, y: 0.3115601, z: 0.866186}
  m_DirtyAABB: 0
--- !u!1 &1999805237353482
GameObject:
  serializedVersion: 5
  m_Component:
  - component: {fileID: 4807699459854478}
  m_Layer: 0
  m_Name: Puppet_Base
  m_TagString: Untagged
  m_Icon: {fileID: 0}
  m_NavMeshLayer: 0
  m_StaticEditorFlags: 0
  m_IsActive: 1
--- !u!4 &4807699459854478
Transform:
  m_GameObject: {fileID: 1999805237353482}
  m_LocalRotation: {x: 0.5000001, y: -0.5000001, z: -0.4999999, w: 0.4999999}
  m_LocalPosition: {x: 0, y: -0.0002140999, z: 7.05146E-08}
  m_LocalScale: {x: 1, y: 1, z: 1}
  m_Children:
  - {fileID: 4636997951529658}
  m_Father: {fileID: 4608518309941651}
  m_RootOrder: 2
  m_LocalEulerAnglesHint: {x: 90.00002, y: 0, z: 90}
--- !u!1 &1251829820158099
GameObject:
  serializedVersion: 5
  m_Component:
  - component: {fileID: 4636997951529658}
  m_Layer: 0
  m_Name: Puppet_Mid
  m_TagString: Untagged
  m_Icon: {fileID: 0}
  m_NavMeshLayer: 0
  m_StaticEditorFlags: 0
  m_IsActive: 1
--- !u!4 &4636997951529658
Transform:
  m_GameObject: {fileID: 1251829820158099}
  m_LocalRotation: {x: -8.742276E-08, y: -4.094179E-22, z: 7.105428E-15, w: 1}
  m_LocalPosition: {x: -0.08489876, y: 1.421085E-14, z: -3.118512E-14}
  m_LocalScale: {x: 0.9999999, y: 0.9999999, z: 1}
  m_Children:
  - {fileID: 4939976420060282}
  - {fileID: 4295945610574168}
  m_Father: {fileID: 4807699459854478}
  m_RootOrder: 0
  m_LocalEulerAnglesHint: {x: -1.001791E-05, y: -2.426571E-20, z: -8.142221E-13}
--- !u!1 &1989285588381265
GameObject:
  serializedVersion: 5
  m_Component:
  - component: {fileID: 4939976420060282}
  m_Layer: 0
  m_Name: Puppet_Top
  m_TagString: Untagged
  m_Icon: {fileID: 0}
  m_NavMeshLayer: 0
  m_StaticEditorFlags: 0
  m_IsActive: 1
--- !u!4 &4939976420060282
Transform:
  m_GameObject: {fileID: 1989285588381265}
  m_LocalRotation: {x: -9.536743E-07, y: 7.623297E-21, z: -7.105427E-15, w: 1}
  m_LocalPosition: {x: -0.324806, y: 0, z: -1.151853E-15}
  m_LocalScale: {x: 1, y: 1, z: 1}
  m_Children:
  - {fileID: 4033863821083014}
  - {fileID: 4711987238464504}
  m_Father: {fileID: 4636997951529658}
  m_RootOrder: 0
  m_LocalEulerAnglesHint: {x: -0.000109283, y: -9.706283E-20, z: 8.14222E-13}
--- !u!1 &1581898660679372
GameObject:
  serializedVersion: 5
  m_Component:
  - component: {fileID: 4033863821083014}
  m_Layer: 0
  m_Name: Puppet_Neck
  m_TagString: Untagged
  m_Icon: {fileID: 0}
  m_NavMeshLayer: 0
  m_StaticEditorFlags: 0
  m_IsActive: 1
--- !u!4 &4033863821083014
Transform:
  m_GameObject: {fileID: 1581898660679372}
  m_LocalRotation: {x: 9.536743E-07, y: 7.105407E-15, z: -7.450573E-09, w: 1}
  m_LocalPosition: {x: -0.6981047, y: -1.421085E-14, z: 8.899418E-14}
  m_LocalScale: {x: 1, y: 1, z: 1}
  m_Children:
  - {fileID: 4143915285607701}
  m_Father: {fileID: 4939976420060282}
  m_RootOrder: 0
  m_LocalEulerAnglesHint: {x: 0.000109283, y: -1.628441E-12, z: 8.537729E-07}
--- !u!1 &1843719298861623
GameObject:
  serializedVersion: 5
  m_Component:
  - component: {fileID: 4143915285607701}
  m_Layer: 0
  m_Name: Puppet_FlashBase
  m_TagString: Untagged
  m_Icon: {fileID: 0}
  m_NavMeshLayer: 0
  m_StaticEditorFlags: 0
  m_IsActive: 1
--- !u!4 &4143915285607701
Transform:
  m_GameObject: {fileID: 1843719298861623}
  m_LocalRotation: {x: 6.181724E-08, y: -7.098585E-15, z: -0.7071069, w: 0.7071067}
  m_LocalPosition: {x: -0.7646419, y: -0.09658469, z: -0.008075342}
  m_LocalScale: {x: 1, y: 1, z: 1}
  m_Children:
  - {fileID: 4592407675117806}
  m_Father: {fileID: 4033863821083014}
  m_RootOrder: 0
  m_LocalEulerAnglesHint: {x: 5.008956E-06, y: -5.008956E-06, z: 90.00002}
--- !u!1 &1468209946907992
GameObject:
  serializedVersion: 5
  m_Component:
  - component: {fileID: 4592407675117806}
  m_Layer: 0
  m_Name: Puppet_FlashBulb
  m_TagString: Untagged
  m_Icon: {fileID: 0}
  m_NavMeshLayer: 0
  m_StaticEditorFlags: 0
  m_IsActive: 1
--- !u!4 &4592407675117806
Transform:
  m_GameObject: {fileID: 1468209946907992}
  m_LocalRotation: {x: -7.4607E-14, y: 1.192093E-07, z: 3.576279E-07, w: 1}
  m_LocalPosition: {x: -0.0290447, y: 0.05794799, z: 0.007213342}
  m_LocalScale: {x: 1, y: 1, z: 1}
  m_Children:
  - {fileID: 4699216565101523}
  m_Father: {fileID: 4143915285607701}
  m_RootOrder: 0
  m_LocalEulerAnglesHint: {x: -3.663999E-12, y: -1.366038E-05, z: -4.098114E-05}
--- !u!1 &1030532877492026
GameObject:
  serializedVersion: 5
  m_Component:
  - component: {fileID: 4699216565101523}
  m_Layer: 0
  m_Name: Puppet_FlashFlare
  m_TagString: Untagged
  m_Icon: {fileID: 0}
  m_NavMeshLayer: 0
  m_StaticEditorFlags: 0
  m_IsActive: 1
--- !u!4 &4699216565101523
Transform:
  m_GameObject: {fileID: 1030532877492026}
  m_LocalRotation: {x: -3.55271E-15, y: -1.192093E-07, z: 2.842171E-14, w: 1}
  m_LocalPosition: {x: -0.6113502, y: -0.3770032, z: 0.2552265}
  m_LocalScale: {x: 1, y: 1, z: 1}
  m_Children: []
  m_Father: {fileID: 4592407675117806}
  m_RootOrder: 0
  m_LocalEulerAnglesHint: {x: -4.07111E-13, y: 1.366038E-05, z: -3.256888E-12}
--- !u!1 &1019975133254227
GameObject:
  serializedVersion: 5
  m_Component:
  - component: {fileID: 4711987238464504}
  m_Layer: 0
  m_Name: Puppet_Upperarm_R
  m_TagString: Untagged
  m_Icon: {fileID: 0}
  m_NavMeshLayer: 0
  m_StaticEditorFlags: 0
  m_IsActive: 1
--- !u!4 &4711987238464504
Transform:
  m_GameObject: {fileID: 1019975133254227}
  m_LocalRotation: {x: 8.491413E-07, y: -0.5264305, z: -7.073314E-07, w: 0.8502182}
  m_LocalPosition: {x: -0.5135649, y: 0.03637421, z: -0.5496204}
  m_LocalScale: {x: 0.9999999, y: 1, z: 0.9999999}
  m_Children:
  - {fileID: 4796924359726240}
  m_Father: {fileID: 4939976420060282}
  m_RootOrder: 1
  m_LocalEulerAnglesHint: {x: 0.0002813273, y: 63.52918, z: 0.0002695232}
--- !u!1 &1460487743248105
GameObject:
  serializedVersion: 5
  m_Component:
  - component: {fileID: 4796924359726240}
  m_Layer: 0
  m_Name: Puppet_Forearm_R
  m_TagString: Untagged
  m_Icon: {fileID: 0}
  m_NavMeshLayer: 0
  m_StaticEditorFlags: 0
  m_IsActive: 1
--- !u!4 &4796924359726240
Transform:
  m_GameObject: {fileID: 1460487743248105}
  m_LocalRotation: {x: 1.595884E-07, y: 0.3942069, z: 1.846491E-07, w: 0.9190217}
  m_LocalPosition: {x: -0.2275622, y: -8.195639E-08, z: 0}
  m_LocalScale: {x: 1, y: 1, z: 1}
  m_Children:
  - {fileID: 4357427624280546}
  m_Father: {fileID: 4711987238464504}
  m_RootOrder: 0
  m_LocalEulerAnglesHint: {x: 3.648815E-05, y: -46.43304, z: -3.867494E-05}
--- !u!1 &1579379621024247
GameObject:
  serializedVersion: 5
  m_Component:
  - component: {fileID: 4357427624280546}
  m_Layer: 0
  m_Name: Puppet_Hand_R
  m_TagString: Untagged
  m_Icon: {fileID: 0}
  m_NavMeshLayer: 0
  m_StaticEditorFlags: 0
  m_IsActive: 1
--- !u!4 &4357427624280546
Transform:
  m_GameObject: {fileID: 1579379621024247}
  m_LocalRotation: {x: -8.35221E-08, y: 0.2093894, z: -1.083124E-07, w: 0.9778324}
  m_LocalPosition: {x: -0.2275622, y: 1.862645E-08, z: -1.192093E-07}
  m_LocalScale: {x: 1, y: 1, z: 1}
  m_Children: []
  m_Father: {fileID: 4796924359726240}
  m_RootOrder: 0
  m_LocalEulerAnglesHint: {x: -1.310696E-05, y: -24.17315, z: 1.549974E-05}
--- !u!1 &1593541565348941
GameObject:
  serializedVersion: 5
  m_Component:
  - component: {fileID: 4295945610574168}
  m_Layer: 0
  m_Name: Puppet_Upperarm_L
  m_TagString: Untagged
  m_Icon: {fileID: 0}
  m_NavMeshLayer: 0
  m_StaticEditorFlags: 0
  m_IsActive: 1
--- !u!4 &4295945610574168
Transform:
  m_GameObject: {fileID: 1593541565348941}
  m_LocalRotation: {x: -1.382749E-07, y: 0.5264305, z: -3.134168E-08, w: 0.8502182}
  m_LocalPosition: {x: -0.838371, y: 0.03637316, z: 0.5661394}
  m_LocalScale: {x: 0.9999999, y: 1, z: 0.9999999}
  m_Children:
  - {fileID: 4376538750241199}
  m_Father: {fileID: 4636997951529658}
  m_RootOrder: 1
  m_LocalEulerAnglesHint: {x: -3.4465E-05, y: -63.52919, z: 2.556393E-05}
--- !u!1 &1719768741276424
GameObject:
  serializedVersion: 5
  m_Component:
  - component: {fileID: 4376538750241199}
  m_Layer: 0
  m_Name: Puppet_Forearm_L
  m_TagString: Untagged
  m_Icon: {fileID: 0}
  m_NavMeshLayer: 0
  m_StaticEditorFlags: 0
  m_IsActive: 1
--- !u!4 &4376538750241199
Transform:
  m_GameObject: {fileID: 1719768741276424}
  m_LocalRotation: {x: -1.194411E-07, y: -0.3942069, z: -5.634142E-08, w: 0.9190217}
  m_LocalPosition: {x: -0.2275624, y: -4.470348E-08, z: 5.960464E-08}
  m_LocalScale: {x: 1, y: 1, z: 1}
  m_Children:
  - {fileID: 4542101725533409}
  m_Father: {fileID: 4295945610574168}
  m_RootOrder: 0
  m_LocalEulerAnglesHint: {x: -1.455813E-05, y: 46.43304, z: 7.805407E-07}
--- !u!1 &1754600448769372
GameObject:
  serializedVersion: 5
  m_Component:
  - component: {fileID: 4542101725533409}
  m_Layer: 0
  m_Name: Puppet_Hand_L
  m_TagString: Untagged
  m_Icon: {fileID: 0}
  m_NavMeshLayer: 0
  m_StaticEditorFlags: 0
  m_IsActive: 1
--- !u!4 &4542101725533409
Transform:
  m_GameObject: {fileID: 1754600448769372}
  m_LocalRotation: {x: 1.846397E-07, y: -0.2093897, z: -3.037265E-08, w: 0.9778323}
  m_LocalPosition: {x: -0.2275622, y: 0, z: 2.980232E-08}
  m_LocalScale: {x: 1, y: 1, z: 1}
  m_Children: []
  m_Father: {fileID: 4376538750241199}
  m_RootOrder: 0
  m_LocalEulerAnglesHint: {x: 2.347651E-05, y: 24.17317, z: 8.58653E-06}
--- !u!1 &1825817034757193
GameObject:
  serializedVersion: 5
  m_Component:
  - component: {fileID: 4371455925161487}
  m_Layer: 0
  m_Name: Puppet_Root
  m_TagString: Untagged
  m_Icon: {fileID: 0}
  m_NavMeshLayer: 0
  m_StaticEditorFlags: 0
  m_IsActive: 1
--- !u!4 &4371455925161487
Transform:
  m_GameObject: {fileID: 1825817034757193}
  m_LocalRotation: {x: -0.7071068, y: 0, z: 0, w: 0.7071068}
  m_LocalPosition: {x: 0, y: 0, z: 0}
  m_LocalScale: {x: 1, y: 1, z: 1}
  m_Children: []
  m_Father: {fileID: 4608518309941651}
  m_RootOrder: 3
  m_LocalEulerAnglesHint: {x: -90, y: 0, z: 0}
