%YAML 1.1
%TAG !u! tag:unity3d.com,2011:
--- !u!1001 &100100000
Prefab:
  serializedVersion: 2
  m_Modification:
    m_TransformParent: {fileID: 0}
    m_Modifications: []
    m_RemovedComponents: []
  m_ParentPrefab: {fileID: 0}
  m_RootGameObject: {fileID: 1364487730514650}
  m_IsPrefabParent: 1
--- !u!1 &1364487730514650
GameObject:
  serializedVersion: 5
  m_Component:
  - component: {fileID: 4712164760911230}
  - component: {fileID: 111557159963500973}
  - component: {fileID: 114750789317750920}
  - component: {fileID: 82237645890420845}
  - component: {fileID: 114099341279721948}
  - component: {fileID: 114280497947166998}
  m_Layer: 0
  m_Name: LtMushroom
  m_TagString: Untagged
  m_Icon: {fileID: 0}
  m_NavMeshLayer: 0
  m_StaticEditorFlags: 0
  m_IsActive: 1
--- !u!4 &4712164760911230
Transform:
  m_GameObject: {fileID: 1364487730514650}
  m_LocalRotation: {x: 0, y: 0, z: 0, w: 1}
  m_LocalPosition: {x: 0, y: 0, z: 0}
  m_LocalScale: {x: 1, y: 1, z: 1}
  m_Children:
  - {fileID: 4523632324736122}
  - {fileID: 4382929670452771}
  - {fileID: 4353158339218241}
  - {fileID: 4816201393520186}
  - {fileID: 4605887661952414}
  m_Father: {fileID: 0}
  m_RootOrder: 0
  m_LocalEulerAnglesHint: {x: 0, y: 0, z: 0}
--- !u!111 &111557159963500973
Animation:
  m_GameObject: {fileID: 1364487730514650}
  m_Enabled: 1
  serializedVersion: 3
  m_Animation: {fileID: 0}
  m_Animations:
  - {fileID: 7400000, guid: ec88c095d8a29a54f8fc68e52a4faab9, type: 2}
  - {fileID: 7400000, guid: a9a9260b18d91f7498a0818e1c63437c, type: 2}
  - {fileID: 7400000, guid: 316eb1bea4764dd468c42b22089931c9, type: 2}
  - {fileID: 7400000, guid: e84bef836c2ecd54da4577a9ef1eaf8f, type: 2}
  - {fileID: 7400000, guid: 2e0c4e004a66bb84aaee5942cf107dc0, type: 2}
  - {fileID: 7400000, guid: 9a239176375c85f40a4f4f846f435f4c, type: 2}
  - {fileID: 7400000, guid: d57db057cb8641d42a36f78cfdbc042b, type: 2}
  - {fileID: 7400000, guid: 11cc4faff5e3e1c4ebc0e5ebf0cff9ed, type: 2}
  m_WrapMode: 0
  m_PlayAutomatically: 0
  m_AnimatePhysics: 0
  m_CullingType: 1
--- !u!114 &114750789317750920
MonoBehaviour:
  m_GameObject: {fileID: 1364487730514650}
  m_Enabled: 1
  m_EditorHideFlags: 0
  m_Script: {fileID: 11500000, guid: 203ebd45b8aad6940846389310fb33f6, type: 3}
  m_Name:
  m_EditorClassIdentifier:
  SpawnEffect: {fileID: 0}
  SpawnAudio: {fileID: 8300000, guid: 8f9b5d89a9d021c409e3548a2685f749, type: 3}
  SpawnAudioDelaySecs: 0
  Intro: LtMushroom_Intro
  Idle: LtMushroom_Idle
  IntroLength: 2.3
  hpBar: {fileID: 0}
--- !u!82 &82237645890420845
AudioSource:
  m_GameObject: {fileID: 1364487730514650}
  m_Enabled: 1
  serializedVersion: 4
  OutputAudioMixerGroup: {fileID: 0}
  m_audioClip: {fileID: 0}
  m_PlayOnAwake: 0
  m_Volume: 1
  m_Pitch: 1
  Loop: 0
  Mute: 0
  Spatialize: 0
  SpatializePostEffects: 0
  Priority: 128
  DopplerLevel: 1
  MinDistance: 1
  MaxDistance: 500
  Pan2D: 0
  rolloffMode: 2
  BypassEffects: 0
  BypassListenerEffects: 0
  BypassReverbZones: 0
  rolloffCustomCurve:
    serializedVersion: 2
    m_Curve:
    - serializedVersion: 2
      time: 0
      value: 1
      inSlope: 0
      outSlope: 0
      tangentMode: 0
    - serializedVersion: 2
      time: 1
      value: 1
      inSlope: 0
      outSlope: 0
      tangentMode: 0
    m_PreInfinity: 2
    m_PostInfinity: 2
    m_RotationOrder: 0
  panLevelCustomCurve:
    serializedVersion: 2
    m_Curve:
    - serializedVersion: 2
      time: 0
      value: 0
      inSlope: 0
      outSlope: 0
      tangentMode: 0
    m_PreInfinity: 2
    m_PostInfinity: 2
    m_RotationOrder: 0
  spreadCustomCurve:
    serializedVersion: 2
    m_Curve:
    - serializedVersion: 2
      time: 0
      value: 0
      inSlope: 0
      outSlope: 0
      tangentMode: 0
    m_PreInfinity: 2
    m_PostInfinity: 2
    m_RotationOrder: 0
  reverbZoneMixCustomCurve:
    serializedVersion: 2
    m_Curve:
    - serializedVersion: 2
      time: 0
      value: 1
      inSlope: 0
      outSlope: 0
      tangentMode: 0
    m_PreInfinity: 2
    m_PostInfinity: 2
    m_RotationOrder: 0
--- !u!114 &114099341279721948
MonoBehaviour:
  m_GameObject: {fileID: 1364487730514650}
  m_Enabled: 1
  m_EditorHideFlags: 0
  m_Script: {fileID: 11500000, guid: 816f303b97b032a4d9e1a96b34158d44, type: 3}
  m_Name:
  m_EditorClassIdentifier:
  Tombstone: {fileID: 0}
  Timer: 0
  Idle:
  RemoveTombstone: 0
  DamageDealt: 0
  Flooped: 0
  Crash: 0
--- !u!114 &114280497947166998
MonoBehaviour:
  m_GameObject: {fileID: 1364487730514650}
  m_Enabled: 1
  m_EditorHideFlags: 0
  m_Script: {fileID: 11500000, guid: 9390b1f887e33a34caef2ef05f3f87a5, type: 3}
  m_Name:
  m_EditorClassIdentifier:
  animTarget: {fileID: 0}
  animName:
--- !u!1 &1858543839198847
GameObject:
  serializedVersion: 5
  m_Component:
  - component: {fileID: 4523632324736122}
  - component: {fileID: 137033458750029504}
  m_Layer: 0
  m_Name: LtMushroom
  m_TagString: Untagged
  m_Icon: {fileID: 0}
  m_NavMeshLayer: 0
  m_StaticEditorFlags: 0
  m_IsActive: 1
--- !u!4 &4523632324736122
Transform:
  m_GameObject: {fileID: 1858543839198847}
  m_LocalRotation: {x: -0.7071068, y: 0, z: 0, w: 0.7071068}
  m_LocalPosition: {x: -4.307258E-07, y: 2.012148E-07, z: -4.324547E-07}
  m_LocalScale: {x: 1, y: 1, z: 1}
  m_Children: []
  m_Father: {fileID: 4712164760911230}
  m_RootOrder: 0
  m_LocalEulerAnglesHint: {x: -90, y: 0, z: 0}
--- !u!137 &137033458750029504
SkinnedMeshRenderer:
  m_GameObject: {fileID: 1858543839198847}
  m_Enabled: 1
  m_CastShadows: 1
  m_ReceiveShadows: 1
  m_DynamicOccludee: 1
  m_MotionVectors: 1
  m_LightProbeUsage: 0
  m_ReflectionProbeUsage: 1
  m_Materials:
  - {fileID: 2100000, guid: 63399a205cbd56049ab0db7591d2223f, type: 2}
  m_StaticBatchInfo:
    firstSubMesh: 0
    subMeshCount: 0
  m_StaticBatchRoot: {fileID: 0}
  m_ProbeAnchor: {fileID: 0}
  m_LightProbeVolumeOverride: {fileID: 0}
  m_ScaleInLightmap: 1
  m_PreserveUVs: 0
  m_IgnoreNormalsForChartDetection: 0
  m_ImportantGI: 0
  m_StitchLightmapSeams: 0
  m_SelectedEditorRenderState: 3
  m_MinimumChartSize: 4
  m_AutoUVMaxDistance: 0.5
  m_AutoUVMaxAngle: 89
  m_LightmapParameters: {fileID: 0}
  m_SortingLayerID: 0
  m_SortingLayer: 0
  m_SortingOrder: 0
  serializedVersion: 2
  m_Quality: 0
  m_UpdateWhenOffscreen: 0
  m_skinnedMotionVectors: 0
  m_Mesh: {fileID: 4300000, guid: 73657e8210dc3f743bc5fabb3dd4ef80, type: 2}
  m_Bones:
  - {fileID: 4816201393520186}
  - {fileID: 4734452926064589}
  - {fileID: 4176237698126357}
  - {fileID: 4480523273382760}
  m_BlendShapeWeights: []
  m_RootBone: {fileID: 4816201393520186}
  m_AABB:
    m_Center: {x: -1.465673, y: 0.3581641, z: 0.1484619}
    m_Extent: {x: 1.448496, y: 1.193392, z: 1.521472}
  m_DirtyAABB: 0
--- !u!1 &1493660557604139
GameObject:
  serializedVersion: 5
  m_Component:
  - component: {fileID: 4382929670452771}
  - component: {fileID: 137389379145907126}
  m_Layer: 0
  m_Name: LtMushroom_Outline
  m_TagString: Untagged
  m_Icon: {fileID: 0}
  m_NavMeshLayer: 0
  m_StaticEditorFlags: 0
  m_IsActive: 1
--- !u!4 &4382929670452771
Transform:
  m_GameObject: {fileID: 1493660557604139}
  m_LocalRotation: {x: -0.7071068, y: 0, z: 0, w: 0.7071068}
  m_LocalPosition: {x: -4.307258E-07, y: 2.012148E-07, z: -4.324547E-07}
  m_LocalScale: {x: 1, y: 1, z: 1}
  m_Children: []
  m_Father: {fileID: 4712164760911230}
  m_RootOrder: 1
  m_LocalEulerAnglesHint: {x: -90, y: 0, z: 0}
--- !u!137 &137389379145907126
SkinnedMeshRenderer:
  m_GameObject: {fileID: 1493660557604139}
  m_Enabled: 1
  m_CastShadows: 1
  m_ReceiveShadows: 1
  m_DynamicOccludee: 1
  m_MotionVectors: 1
  m_LightProbeUsage: 0
  m_ReflectionProbeUsage: 1
  m_Materials:
  - {fileID: 2100000, guid: 63399a205cbd56049ab0db7591d2223f, type: 2}
  m_StaticBatchInfo:
    firstSubMesh: 0
    subMeshCount: 0
  m_StaticBatchRoot: {fileID: 0}
  m_ProbeAnchor: {fileID: 0}
  m_LightProbeVolumeOverride: {fileID: 0}
  m_ScaleInLightmap: 1
  m_PreserveUVs: 0
  m_IgnoreNormalsForChartDetection: 0
  m_ImportantGI: 0
  m_StitchLightmapSeams: 0
  m_SelectedEditorRenderState: 3
  m_MinimumChartSize: 4
  m_AutoUVMaxDistance: 0.5
  m_AutoUVMaxAngle: 89
  m_LightmapParameters: {fileID: 0}
  m_SortingLayerID: 0
  m_SortingLayer: 0
  m_SortingOrder: 0
  serializedVersion: 2
  m_Quality: 0
  m_UpdateWhenOffscreen: 0
  m_skinnedMotionVectors: 0
  m_Mesh: {fileID: 4300000, guid: 25358a6df06512e46baff44b146be912, type: 2}
  m_Bones:
  - {fileID: 4816201393520186}
  - {fileID: 4734452926064589}
  - {fileID: 4176237698126357}
  - {fileID: 4480523273382760}
  m_BlendShapeWeights: []
  m_RootBone: {fileID: 4816201393520186}
  m_AABB:
    m_Center: {x: -1.465671, y: 0.3617681, z: 0.1499072}
    m_Extent: {x: 1.463482, y: 1.208055, z: 1.541718}
  m_DirtyAABB: 0
--- !u!1 &1380286003955978
GameObject:
  serializedVersion: 5
  m_Component:
  - component: {fileID: 4353158339218241}
  m_Layer: 0
  m_Name: Point001
  m_TagString: Untagged
  m_Icon: {fileID: 0}
  m_NavMeshLayer: 0
  m_StaticEditorFlags: 0
  m_IsActive: 1
--- !u!4 &4353158339218241
Transform:
  m_GameObject: {fileID: 1380286003955978}
  m_LocalRotation: {x: -0.7071068, y: 0, z: 0, w: 0.7071068}
  m_LocalPosition: {x: 0, y: 0, z: 0}
  m_LocalScale: {x: 1, y: 1, z: 1}
  m_Children: []
  m_Father: {fileID: 4712164760911230}
  m_RootOrder: 2
  m_LocalEulerAnglesHint: {x: -90, y: 0, z: 0}
--- !u!1 &1567982473160352
GameObject:
  serializedVersion: 5
  m_Component:
  - component: {fileID: 4816201393520186}
  m_Layer: 0
  m_Name: Puppet_Base
  m_TagString: Untagged
  m_Icon: {fileID: 0}
  m_NavMeshLayer: 0
  m_StaticEditorFlags: 0
  m_IsActive: 1
--- !u!4 &4816201393520186
Transform:
  m_GameObject: {fileID: 1567982473160352}
  m_LocalRotation: {x: 0.5000001, y: -0.5000001, z: -0.4999999, w: 0.4999999}
  m_LocalPosition: {x: 0, y: -0.0133996, z: 6.993821E-08}
  m_LocalScale: {x: 1, y: 1, z: 1}
  m_Children:
  - {fileID: 4734452926064589}
  m_Father: {fileID: 4712164760911230}
  m_RootOrder: 3
  m_LocalEulerAnglesHint: {x: 90.00002, y: 0, z: 90}
--- !u!1 &1773433501908834
GameObject:
  serializedVersion: 5
  m_Component:
  - component: {fileID: 4734452926064589}
  m_Layer: 0
  m_Name: Puppet_Mid
  m_TagString: Untagged
  m_Icon: {fileID: 0}
  m_NavMeshLayer: 0
  m_StaticEditorFlags: 0
  m_IsActive: 1
--- !u!4 &4734452926064589
Transform:
  m_GameObject: {fileID: 1773433501908834}
  m_LocalRotation: {x: -8.742277E-08, y: -3.035389E-22, z: 7.105429E-15, w: 1}
  m_LocalPosition: {x: -0.8276497, y: 1.421085E-14, z: -3.227809E-14}
  m_LocalScale: {x: 0.9999998, y: 0.9999998, z: 1}
  m_Children:
  - {fileID: 4480523273382760}
  - {fileID: 4176237698126357}
  m_Father: {fileID: 4816201393520186}
  m_RootOrder: 0
  m_LocalEulerAnglesHint: {x: -1.001791E-05, y: -3.639857E-20, z: -8.142222E-13}
--- !u!1 &1291268783075871
GameObject:
  serializedVersion: 5
  m_Component:
  - component: {fileID: 4480523273382760}
  m_Layer: 0
  m_Name: Puppet_Bazooka
  m_TagString: Untagged
  m_Icon: {fileID: 0}
  m_NavMeshLayer: 0
  m_StaticEditorFlags: 0
  m_IsActive: 1
--- !u!4 &4480523273382760
Transform:
  m_GameObject: {fileID: 1291268783075871}
  m_LocalRotation: {x: 0.5030591, y: 0.6786963, z: 0.4733185, w: -0.2495446}
  m_LocalPosition: {x: -0.5521474, y: 0.8333002, z: 0.1852418}
  m_LocalScale: {x: 1, y: 1, z: 1}
  m_Children: []
  m_Father: {fileID: 4734452926064589}
  m_RootOrder: 0
  m_LocalEulerAnglesHint: {x: 137.5165, y: 54.58185, z: -129.5879}
--- !u!1 &1705433692571077
GameObject:
  serializedVersion: 5
  m_Component:
  - component: {fileID: 4176237698126357}
  m_Layer: 0
  m_Name: Puppet_Top
  m_TagString: Untagged
  m_Icon: {fileID: 0}
  m_NavMeshLayer: 0
  m_StaticEditorFlags: 0
  m_IsActive: 1
--- !u!4 &4176237698126357
Transform:
  m_GameObject: {fileID: 1705433692571077}
  m_LocalRotation: {x: -5.874158E-07, y: -8.470328E-22, z: -4.975605E-28, w: 1}
  m_LocalPosition: {x: -1.009135, y: 0, z: 9.633814E-17}
  m_LocalScale: {x: 1, y: 1, z: 1}
  m_Children: []
  m_Father: {fileID: 4734452926064589}
  m_RootOrder: 1
  m_LocalEulerAnglesHint: {x: -6.731289E-05, y: 9.706281E-20, z: 1.279482E-33}
--- !u!1 &1521222877716862
GameObject:
  serializedVersion: 5
  m_Component:
  - component: {fileID: 4605887661952414}
  m_Layer: 0
  m_Name: Puppet_Root
  m_TagString: Untagged
  m_Icon: {fileID: 0}
  m_NavMeshLayer: 0
  m_StaticEditorFlags: 0
  m_IsActive: 1
--- !u!4 &4605887661952414
Transform:
  m_GameObject: {fileID: 1521222877716862}
  m_LocalRotation: {x: -0.7071068, y: 0, z: 0, w: 0.7071068}
  m_LocalPosition: {x: 0, y: 0, z: 0}
  m_LocalScale: {x: 1, y: 1, z: 1}
  m_Children: []
  m_Father: {fileID: 4712164760911230}
  m_RootOrder: 4
  m_LocalEulerAnglesHint: {x: -90, y: 0, z: 0}
