%YAML 1.1
%TAG !u! tag:unity3d.com,2011:
--- !u!1001 &100100000
Prefab:
  serializedVersion: 2
  m_Modification:
    m_TransformParent: {fileID: 0}
    m_Modifications: []
    m_RemovedComponents: []
  m_ParentPrefab: {fileID: 0}
  m_RootGameObject: {fileID: 1073275884442218}
  m_IsPrefabParent: 1
--- !u!1 &1073275884442218
GameObject:
  serializedVersion: 5
  m_Component:
  - component: {fileID: 4129236697347507}
  - component: {fileID: 114729085831796438}
  - component: {fileID: 111415898930278956}
  - component: {fileID: 114855533824312096}
  - component: {fileID: 82459194126025485}
  - component: {fileID: 114718989546462972}
  - component: {fileID: 114733938798521645}
  m_Layer: 0
  m_Name: NiceTree
  m_TagString: Untagged
  m_Icon: {fileID: 0}
  m_NavMeshLayer: 0
  m_StaticEditorFlags: 0
  m_IsActive: 1
--- !u!4 &4129236697347507
Transform:
  m_GameObject: {fileID: 1073275884442218}
  m_LocalRotation: {x: 0, y: 0, z: 0, w: 1}
  m_LocalPosition: {x: 0, y: 0, z: 0}
  m_LocalScale: {x: 1, y: 1, z: 1}
  m_Children:
  - {fileID: 4547132723771476}
  - {fileID: 4842007629608876}
  - {fileID: 4437178470333181}
  - {fileID: 4064699873087937}
  m_Father: {fileID: 0}
  m_RootOrder: 0
  m_LocalEulerAnglesHint: {x: 0, y: 0, z: 0}
--- !u!114 &114729085831796438
MonoBehaviour:
  m_GameObject: {fileID: 1073275884442218}
  m_Enabled: 1
  m_EditorHideFlags: 0
  m_Script: {fileID: 11500000, guid: 6e747496cc7150a4d9a99cc04d45a720, type: 3}
  m_Name:
  m_EditorClassIdentifier:
  tutorial_ID:
  VOClip: {fileID: 0}
  VOLength: 0
  onlyOnce: 0
--- !u!111 &111415898930278956
Animation:
  m_GameObject: {fileID: 1073275884442218}
  m_Enabled: 1
  serializedVersion: 3
  m_Animation: {fileID: 0}
  m_Animations:
  - {fileID: 7400000, guid: 9fac95838b83ebb4ea35729fe6c5a0d8, type: 2}
  - {fileID: 7400000, guid: cd79cd3f857dcd849a1121b5cebee8ec, type: 2}
  - {fileID: 7400000, guid: 316eb1bea4764dd468c42b22089931c9, type: 2}
  - {fileID: 7400000, guid: e84bef836c2ecd54da4577a9ef1eaf8f, type: 2}
  - {fileID: 7400000, guid: 2e0c4e004a66bb84aaee5942cf107dc0, type: 2}
  - {fileID: 7400000, guid: 9a239176375c85f40a4f4f846f435f4c, type: 2}
  - {fileID: 7400000, guid: d57db057cb8641d42a36f78cfdbc042b, type: 2}
  - {fileID: 7400000, guid: 11cc4faff5e3e1c4ebc0e5ebf0cff9ed, type: 2}
  m_WrapMode: 0
  m_PlayAutomatically: 0
  m_AnimatePhysics: 0
  m_CullingType: 1
--- !u!114 &114855533824312096
MonoBehaviour:
  m_GameObject: {fileID: 1073275884442218}
  m_Enabled: 1
  m_EditorHideFlags: 0
  m_Script: {fileID: 11500000, guid: 203ebd45b8aad6940846389310fb33f6, type: 3}
  m_Name:
  m_EditorClassIdentifier:
  SpawnEffect: {fileID: 0}
  SpawnAudio: {fileID: 0}
  SpawnAudioDelaySecs: 0
  Intro: NiceTree_Intro
  Idle: NiceTree_Idle
  IntroLength: 1.9
  hpBar: {fileID: 0}
--- !u!82 &82459194126025485
AudioSource:
  m_GameObject: {fileID: 1073275884442218}
  m_Enabled: 1
  serializedVersion: 4
  OutputAudioMixerGroup: {fileID: 0}
  m_audioClip: {fileID: 0}
  m_PlayOnAwake: 0
  m_Volume: 1
  m_Pitch: 1
  Loop: 0
  Mute: 0
  Spatialize: 0
  SpatializePostEffects: 0
  Priority: 128
  DopplerLevel: 1
  MinDistance: 1
  MaxDistance: 500
  Pan2D: 0
  rolloffMode: 2
  BypassEffects: 0
  BypassListenerEffects: 0
  BypassReverbZones: 0
  rolloffCustomCurve:
    serializedVersion: 2
    m_Curve:
    - serializedVersion: 2
      time: 0
      value: 1
      inSlope: 0
      outSlope: 0
      tangentMode: 0
    - serializedVersion: 2
      time: 1
      value: 1
      inSlope: 0
      outSlope: 0
      tangentMode: 0
    m_PreInfinity: 2
    m_PostInfinity: 2
    m_RotationOrder: 0
  panLevelCustomCurve:
    serializedVersion: 2
    m_Curve:
    - serializedVersion: 2
      time: 0
      value: 0
      inSlope: 0
      outSlope: 0
      tangentMode: 0
    m_PreInfinity: 2
    m_PostInfinity: 2
    m_RotationOrder: 0
  spreadCustomCurve:
    serializedVersion: 2
    m_Curve:
    - serializedVersion: 2
      time: 0
      value: 0
      inSlope: 0
      outSlope: 0
      tangentMode: 0
    m_PreInfinity: 2
    m_PostInfinity: 2
    m_RotationOrder: 0
  reverbZoneMixCustomCurve:
    serializedVersion: 2
    m_Curve:
    - serializedVersion: 2
      time: 0
      value: 1
      inSlope: 0
      outSlope: 0
      tangentMode: 0
    m_PreInfinity: 2
    m_PostInfinity: 2
    m_RotationOrder: 0
--- !u!114 &114718989546462972
MonoBehaviour:
  m_GameObject: {fileID: 1073275884442218}
  m_Enabled: 1
  m_EditorHideFlags: 0
  m_Script: {fileID: 11500000, guid: 816f303b97b032a4d9e1a96b34158d44, type: 3}
  m_Name:
  m_EditorClassIdentifier:
  Tombstone: {fileID: 0}
  Timer: 0
  Idle:
  RemoveTombstone: 0
  DamageDealt: 0
  Flooped: 0
  Crash: 0
--- !u!114 &114733938798521645
MonoBehaviour:
  m_GameObject: {fileID: 1073275884442218}
  m_Enabled: 1
  m_EditorHideFlags: 0
  m_Script: {fileID: 11500000, guid: 9390b1f887e33a34caef2ef05f3f87a5, type: 3}
  m_Name:
  m_EditorClassIdentifier:
  animTarget: {fileID: 0}
  animName:
--- !u!1 &1641326166168310
GameObject:
  serializedVersion: 5
  m_Component:
  - component: {fileID: 4547132723771476}
  - component: {fileID: 137199611524143994}
  m_Layer: 0
  m_Name: NiceTree
  m_TagString: Untagged
  m_Icon: {fileID: 0}
  m_NavMeshLayer: 0
  m_StaticEditorFlags: 0
  m_IsActive: 1
--- !u!4 &4547132723771476
Transform:
  m_GameObject: {fileID: 1641326166168310}
  m_LocalRotation: {x: -0.7071068, y: 0, z: 0, w: 0.7071068}
  m_LocalPosition: {x: 0, y: 0, z: -1.548148E-08}
  m_LocalScale: {x: 1, y: 1, z: 1}
  m_Children: []
  m_Father: {fileID: 4129236697347507}
  m_RootOrder: 0
  m_LocalEulerAnglesHint: {x: -90, y: 0, z: 0}
--- !u!137 &137199611524143994
SkinnedMeshRenderer:
  m_GameObject: {fileID: 1641326166168310}
  m_Enabled: 1
  m_CastShadows: 1
  m_ReceiveShadows: 1
  m_DynamicOccludee: 1
  m_MotionVectors: 1
  m_LightProbeUsage: 0
  m_ReflectionProbeUsage: 1
  m_Materials:
  - {fileID: 2100000, guid: c1d552732fc609c4d86160334b292ceb, type: 2}
  m_StaticBatchInfo:
    firstSubMesh: 0
    subMeshCount: 0
  m_StaticBatchRoot: {fileID: 0}
  m_ProbeAnchor: {fileID: 0}
  m_LightProbeVolumeOverride: {fileID: 0}
  m_ScaleInLightmap: 1
  m_PreserveUVs: 0
  m_IgnoreNormalsForChartDetection: 0
  m_ImportantGI: 0
  m_StitchLightmapSeams: 0
  m_SelectedEditorRenderState: 3
  m_MinimumChartSize: 4
  m_AutoUVMaxDistance: 0.5
  m_AutoUVMaxAngle: 89
  m_LightmapParameters: {fileID: 0}
  m_SortingLayerID: 0
  m_SortingLayer: 0
  m_SortingOrder: 0
  serializedVersion: 2
  m_Quality: 0
  m_UpdateWhenOffscreen: 0
  m_skinnedMotionVectors: 0
  m_Mesh: {fileID: 4300000, guid: ed74f3dde81febc4c87bed321c0db37d, type: 2}
  m_Bones:
  - {fileID: 4437178470333181}
  - {fileID: 4865322542242841}
  - {fileID: 4778402328256682}
  - {fileID: 4067265149456052}
  - {fileID: 4403282730969367}
  - {fileID: 4694628864845229}
  - {fileID: 4032510576940824}
  - {fileID: 4888897741901134}
  - {fileID: 4954524734097988}
  - {fileID: 4243087201662742}
  - {fileID: 4563321135985307}
  - {fileID: 4156047887729716}
  - {fileID: 4225940284993034}
  m_BlendShapeWeights: []
  m_RootBone: {fileID: 4437178470333181}
  m_AABB:
    m_Center: {x: -2.529098, y: 0.05649126, z: -0.08275151}
    m_Extent: {x: 2.484093, y: 1.869099, z: 1.987522}
  m_DirtyAABB: 0
--- !u!1 &1495316482741700
GameObject:
  serializedVersion: 5
  m_Component:
  - component: {fileID: 4842007629608876}
  - component: {fileID: 137347324717479958}
  m_Layer: 0
  m_Name: NiceTree_Outline
  m_TagString: Untagged
  m_Icon: {fileID: 0}
  m_NavMeshLayer: 0
  m_StaticEditorFlags: 0
  m_IsActive: 1
--- !u!4 &4842007629608876
Transform:
  m_GameObject: {fileID: 1495316482741700}
  m_LocalRotation: {x: -0.7071068, y: 0, z: 0, w: 0.7071068}
  m_LocalPosition: {x: 0, y: 0, z: -1.548148E-08}
  m_LocalScale: {x: 1, y: 1, z: 1}
  m_Children: []
  m_Father: {fileID: 4129236697347507}
  m_RootOrder: 1
  m_LocalEulerAnglesHint: {x: -90, y: 0, z: 0}
--- !u!137 &137347324717479958
SkinnedMeshRenderer:
  m_GameObject: {fileID: 1495316482741700}
  m_Enabled: 1
  m_CastShadows: 1
  m_ReceiveShadows: 1
  m_DynamicOccludee: 1
  m_MotionVectors: 1
  m_LightProbeUsage: 0
  m_ReflectionProbeUsage: 1
  m_Materials:
  - {fileID: 2100000, guid: c1d552732fc609c4d86160334b292ceb, type: 2}
  m_StaticBatchInfo:
    firstSubMesh: 0
    subMeshCount: 0
  m_StaticBatchRoot: {fileID: 0}
  m_ProbeAnchor: {fileID: 0}
  m_LightProbeVolumeOverride: {fileID: 0}
  m_ScaleInLightmap: 1
  m_PreserveUVs: 0
  m_IgnoreNormalsForChartDetection: 0
  m_ImportantGI: 0
  m_StitchLightmapSeams: 0
  m_SelectedEditorRenderState: 3
  m_MinimumChartSize: 4
  m_AutoUVMaxDistance: 0.5
  m_AutoUVMaxAngle: 89
  m_LightmapParameters: {fileID: 0}
  m_SortingLayerID: 0
  m_SortingLayer: 0
  m_SortingOrder: 0
  serializedVersion: 2
  m_Quality: 0
  m_UpdateWhenOffscreen: 0
  m_skinnedMotionVectors: 0
  m_Mesh: {fileID: 4300000, guid: 3ec0886366a05e5479cca3b5d82efa47, type: 2}
  m_Bones:
  - {fileID: 4437178470333181}
  - {fileID: 4865322542242841}
  - {fileID: 4778402328256682}
  - {fileID: 4067265149456052}
  - {fileID: 4403282730969367}
  - {fileID: 4694628864845229}
  - {fileID: 4032510576940824}
  - {fileID: 4888897741901134}
  - {fileID: 4954524734097988}
  - {fileID: 4243087201662742}
  - {fileID: 4563321135985307}
  - {fileID: 4156047887729716}
  - {fileID: 4225940284993034}
  m_BlendShapeWeights: []
  m_RootBone: {fileID: 4437178470333181}
  m_AABB:
    m_Center: {x: -2.532025, y: 0.05644155, z: -0.08328247}
    m_Extent: {x: 2.511162, y: 1.89905, z: 2.016791}
  m_DirtyAABB: 0
--- !u!1 &1920478787287588
GameObject:
  serializedVersion: 5
  m_Component:
  - component: {fileID: 4437178470333181}
  m_Layer: 0
  m_Name: Puppet_Base
  m_TagString: Untagged
  m_Icon: {fileID: 0}
  m_NavMeshLayer: 0
  m_StaticEditorFlags: 0
  m_IsActive: 1
--- !u!4 &4437178470333181
Transform:
  m_GameObject: {fileID: 1920478787287588}
  m_LocalRotation: {x: 0.5000001, y: -0.5000001, z: -0.4999999, w: 0.4999999}
  m_LocalPosition: {x: 0, y: -0.0133996, z: 6.993821E-08}
  m_LocalScale: {x: 1, y: 1, z: 1}
  m_Children:
  - {fileID: 4778402328256682}
  m_Father: {fileID: 4129236697347507}
  m_RootOrder: 2
  m_LocalEulerAnglesHint: {x: 90.00002, y: 0, z: 90}
--- !u!1 &1759301153197717
GameObject:
  serializedVersion: 5
  m_Component:
  - component: {fileID: 4778402328256682}
  m_Layer: 0
  m_Name: Puppet_Mid
  m_TagString: Untagged
  m_Icon: {fileID: 0}
  m_NavMeshLayer: 0
  m_StaticEditorFlags: 0
  m_IsActive: 1
--- !u!4 &4778402328256682
Transform:
  m_GameObject: {fileID: 1759301153197717}
  m_LocalRotation: {x: -8.742277E-08, y: -3.035389E-22, z: 7.105429E-15, w: 1}
  m_LocalPosition: {x: -0.9951364, y: 7.105427E-15, z: -3.081767E-14}
  m_LocalScale: {x: 0.9999998, y: 0.9999998, z: 1}
  m_Children:
  - {fileID: 4865322542242841}
  m_Father: {fileID: 4437178470333181}
  m_RootOrder: 0
  m_LocalEulerAnglesHint: {x: -1.001791E-05, y: -3.639857E-20, z: -8.142222E-13}
--- !u!1 &1433169371557933
GameObject:
  serializedVersion: 5
  m_Component:
  - component: {fileID: 4865322542242841}
  m_Layer: 0
  m_Name: Puppet_Top
  m_TagString: Untagged
  m_Icon: {fileID: 0}
  m_NavMeshLayer: 0
  m_StaticEditorFlags: 0
  m_IsActive: 1
--- !u!4 &4865322542242841
Transform:
  m_GameObject: {fileID: 1433169371557933}
  m_LocalRotation: {x: -7.152557E-07, y: 0, z: 0, w: 1}
  m_LocalPosition: {x: -0.781372, y: 2.842171E-14, z: -8.941212E-16}
  m_LocalScale: {x: 1, y: 1, z: 1}
  m_Children:
  - {fileID: 4243087201662742}
  - {fileID: 4888897741901134}
  - {fileID: 4032510576940824}
  m_Father: {fileID: 4778402328256682}
  m_RootOrder: 0
  m_LocalEulerAnglesHint: {x: -8.196227E-05, y: 0, z: 0}
--- !u!1 &1314887981001780
GameObject:
  serializedVersion: 5
  m_Component:
  - component: {fileID: 4243087201662742}
  m_Layer: 0
  m_Name: Puppet_Branch_L_Upper
  m_TagString: Untagged
  m_Icon: {fileID: 0}
  m_NavMeshLayer: 0
  m_StaticEditorFlags: 0
  m_IsActive: 1
--- !u!4 &4243087201662742
Transform:
  m_GameObject: {fileID: 1314887981001780}
  m_LocalRotation: {x: -0.1355066, y: 0.6940015, z: -0.1355068, w: 0.6940014}
  m_LocalPosition: {x: -0.4954383, y: 0.3799952, z: 0.562727}
  m_LocalScale: {x: 1, y: 1, z: 1}
  m_Children:
  - {fileID: 4156047887729716}
  m_Father: {fileID: 4865322542242841}
  m_RootOrder: 0
  m_LocalEulerAnglesHint: {x: -90.00002, y: -67.90353, z: 90.00003}
--- !u!1 &1302986082389662
GameObject:
  serializedVersion: 5
  m_Component:
  - component: {fileID: 4156047887729716}
  m_Layer: 0
  m_Name: Puppet_Branch_L_Elbow
  m_TagString: Untagged
  m_Icon: {fileID: 0}
  m_NavMeshLayer: 0
  m_StaticEditorFlags: 0
  m_IsActive: 1
--- !u!4 &4156047887729716
Transform:
  m_GameObject: {fileID: 1302986082389662}
  m_LocalRotation: {x: -2.873103E-07, y: -4.697358E-08, z: -0.3007058, w: 0.953717}
  m_LocalPosition: {x: -0.8847538, y: -1.341105E-07, z: -2.384186E-07}
  m_LocalScale: {x: 0.9999998, y: 0.9999998, z: 0.9999998}
  m_Children:
  - {fileID: 4563321135985307}
  m_Father: {fileID: 4243087201662742}
  m_RootOrder: 0
  m_LocalEulerAnglesHint: {x: -2.978091E-05, y: 1.503388E-05, z: 35}
--- !u!1 &1320136243380706
GameObject:
  serializedVersion: 5
  m_Component:
  - component: {fileID: 4563321135985307}
  m_Layer: 0
  m_Name: Puppet_Branch_L_Forearm
  m_TagString: Untagged
  m_Icon: {fileID: 0}
  m_NavMeshLayer: 0
  m_StaticEditorFlags: 0
  m_IsActive: 1
--- !u!4 &4563321135985307
Transform:
  m_GameObject: {fileID: 1320136243380706}
  m_LocalRotation: {x: 2.224835E-07, y: 3.98642E-08, z: -0.2234221, w: 0.9747218}
  m_LocalPosition: {x: -0.2991561, y: 5.960464E-08, z: 0}
  m_LocalScale: {x: 1, y: 1, z: 1}
  m_Children:
  - {fileID: 4225940284993034}
  m_Father: {fileID: 4156047887729716}
  m_RootOrder: 0
  m_LocalEulerAnglesHint: {x: 2.382966E-05, y: -1.014871E-05, z: 25.82022}
--- !u!1 &1992264107703984
GameObject:
  serializedVersion: 5
  m_Component:
  - component: {fileID: 4225940284993034}
  m_Layer: 0
  m_Name: Puppet_Branch_L_Hand
  m_TagString: Untagged
  m_Icon: {fileID: 0}
  m_NavMeshLayer: 0
  m_StaticEditorFlags: 0
  m_IsActive: 1
--- !u!4 &4225940284993034
Transform:
  m_GameObject: {fileID: 1992264107703984}
  m_LocalRotation: {x: -4.227304E-08, y: 7.106621E-08, z: -0.0693477, w: 0.9975926}
  m_LocalPosition: {x: -0.6820346, y: -1.192093E-07, z: 0}
  m_LocalScale: {x: 0.9999999, y: 1, z: 1}
  m_Children: []
  m_Father: {fileID: 4563321135985307}
  m_RootOrder: 0
  m_LocalEulerAnglesHint: {x: -5.397211E-06, y: -7.788053E-06, z: 7.953044}
--- !u!1 &1184529103031684
GameObject:
  serializedVersion: 5
  m_Component:
  - component: {fileID: 4888897741901134}
  m_Layer: 0
  m_Name: Puppet_Branch_R_Upper
  m_TagString: Untagged
  m_Icon: {fileID: 0}
  m_NavMeshLayer: 0
  m_StaticEditorFlags: 0
  m_IsActive: 1
--- !u!4 &4888897741901134
Transform:
  m_GameObject: {fileID: 1184529103031684}
  m_LocalRotation: {x: 0.1355077, y: -0.6940013, z: -0.1355076, w: 0.6940013}
  m_LocalPosition: {x: -0.4954383, y: 0.3799968, z: -0.562726}
  m_LocalScale: {x: 1, y: 1, z: 1}
  m_Children:
  - {fileID: 4954524734097988}
  m_Father: {fileID: 4865322542242841}
  m_RootOrder: 1
  m_LocalEulerAnglesHint: {x: 90.00001, y: 67.90337, z: 89.99999}
--- !u!1 &1226417714232650
GameObject:
  serializedVersion: 5
  m_Component:
  - component: {fileID: 4954524734097988}
  m_Layer: 0
  m_Name: Puppet_Branch_R_Elbow
  m_TagString: Untagged
  m_Icon: {fileID: 0}
  m_NavMeshLayer: 0
  m_StaticEditorFlags: 0
  m_IsActive: 1
--- !u!4 &4954524734097988
Transform:
  m_GameObject: {fileID: 1226417714232650}
  m_LocalRotation: {x: 1.399804E-07, y: -1.338293E-07, z: -0.3007058, w: 0.9537169}
  m_LocalPosition: {x: -0.8847538, y: -5.960464E-08, z: 0}
  m_LocalScale: {x: 1, y: 1, z: 1}
  m_Children:
  - {fileID: 4694628864845229}
  m_Father: {fileID: 4888897741901134}
  m_RootOrder: 0
  m_LocalEulerAnglesHint: {x: 1.99097E-05, y: 9.802435E-06, z: 35}
--- !u!1 &1153720634621532
GameObject:
  serializedVersion: 5
  m_Component:
  - component: {fileID: 4694628864845229}
  m_Layer: 0
  m_Name: Puppet_Branch_R_Forearm
  m_TagString: Untagged
  m_Icon: {fileID: 0}
  m_NavMeshLayer: 0
  m_StaticEditorFlags: 0
  m_IsActive: 1
--- !u!4 &4694628864845229
Transform:
  m_GameObject: {fileID: 1153720634621532}
  m_LocalRotation: {x: -2.371655E-07, y: -1.902605E-07, z: -0.2234221, w: 0.9747218}
  m_LocalPosition: {x: -0.2991562, y: 0, z: 0}
  m_LocalScale: {x: 1, y: 1, z: 1}
  m_Children:
  - {fileID: 4403282730969367}
  m_Father: {fileID: 4954524734097988}
  m_RootOrder: 0
  m_LocalEulerAnglesHint: {x: -2.161907E-05, y: 2.73231E-05, z: 25.82022}
--- !u!1 &1090491257812314
GameObject:
  serializedVersion: 5
  m_Component:
  - component: {fileID: 4403282730969367}
  m_Layer: 0
  m_Name: Puppet_Branch_R_Hand
  m_TagString: Untagged
  m_Icon: {fileID: 0}
  m_NavMeshLayer: 0
  m_StaticEditorFlags: 0
  m_IsActive: 1
--- !u!4 &4403282730969367
Transform:
  m_GameObject: {fileID: 1090491257812314}
  m_LocalRotation: {x: 2.542983E-08, y: -9.995297E-09, z: -0.06934763, w: 0.9975926}
  m_LocalPosition: {x: -0.6820347, y: 0, z: 0}
  m_LocalScale: {x: 0.9999999, y: 0.9999999, z: 1}
  m_Children:
  - {fileID: 4067265149456052}
  m_Father: {fileID: 4694628864845229}
  m_RootOrder: 0
  m_LocalEulerAnglesHint: {x: 2.986458E-06, y: 9.405372E-07, z: 7.953037}
--- !u!1 &1961550414570287
GameObject:
  serializedVersion: 5
  m_Component:
  - component: {fileID: 4067265149456052}
  m_Layer: 0
  m_Name: Puppet_R_Apple
  m_TagString: Untagged
  m_Icon: {fileID: 0}
  m_NavMeshLayer: 0
  m_StaticEditorFlags: 0
  m_IsActive: 1
--- !u!4 &4067265149456052
Transform:
  m_GameObject: {fileID: 1961550414570287}
  m_LocalRotation: {x: -7.964313E-08, y: 2.457891E-08, z: 0.00642589, w: 0.9999794}
  m_LocalPosition: {x: 0.1540014, y: 0.3193767, z: 0.01591921}
  m_LocalScale: {x: 1, y: 1, z: 1}
  m_Children: []
  m_Father: {fileID: 4403282730969367}
  m_RootOrder: 0
  m_LocalEulerAnglesHint: {x: -9.108143E-06, y: -2.875123E-06, z: -0.7363577}
--- !u!1 &1380268636833316
GameObject:
  serializedVersion: 5
  m_Component:
  - component: {fileID: 4032510576940824}
  m_Layer: 0
  m_Name: Puppet_TreeTop
  m_TagString: Untagged
  m_Icon: {fileID: 0}
  m_NavMeshLayer: 0
  m_StaticEditorFlags: 0
  m_IsActive: 1
--- !u!4 &4032510576940824
Transform:
  m_GameObject: {fileID: 1380268636833316}
  m_LocalRotation: {x: 7.589671E-07, y: -4.371136E-08, z: -4.371142E-08, w: 1}
  m_LocalPosition: {x: -1.448332, y: 1.421085E-14, z: -1.969182E-16}
  m_LocalScale: {x: 1, y: 1, z: 1}
  m_Children: []
  m_Father: {fileID: 4865322542242841}
  m_RootOrder: 2
  m_LocalEulerAnglesHint: {x: 8.697122E-05, y: 5.008949E-06, z: 5.008963E-06}
--- !u!1 &1409912758352144
GameObject:
  serializedVersion: 5
  m_Component:
  - component: {fileID: 4064699873087937}
  m_Layer: 0
  m_Name: Puppet_Root
  m_TagString: Untagged
  m_Icon: {fileID: 0}
  m_NavMeshLayer: 0
  m_StaticEditorFlags: 0
  m_IsActive: 1
--- !u!4 &4064699873087937
Transform:
  m_GameObject: {fileID: 1409912758352144}
  m_LocalRotation: {x: -0.7071068, y: 0, z: 0, w: 0.7071068}
  m_LocalPosition: {x: 0, y: 0, z: 0}
  m_LocalScale: {x: 1, y: 1, z: 1}
  m_Children: []
  m_Father: {fileID: 4129236697347507}
  m_RootOrder: 3
  m_LocalEulerAnglesHint: {x: -90, y: 0, z: 0}
