%YAML 1.1
%TAG !u! tag:unity3d.com,2011:
--- !u!1001 &100100000
Prefab:
  serializedVersion: 2
  m_Modification:
    m_TransformParent: {fileID: 0}
    m_Modifications: []
    m_RemovedComponents: []
  m_ParentPrefab: {fileID: 0}
  m_RootGameObject: {fileID: 1817103764091462}
  m_IsPrefabParent: 1
--- !u!1 &1817103764091462
GameObject:
  serializedVersion: 5
  m_Component:
  - component: {fileID: 4646105085707816}
  - component: {fileID: 111267664539647156}
  - component: {fileID: 114619714281106172}
  - component: {fileID: 82717412035076189}
  - component: {fileID: 114867634189067953}
  - component: {fileID: 114599209574809850}
  m_Layer: 0
  m_Name: PeaSoupBarfer_LEGACY
  m_TagString: Untagged
  m_Icon: {fileID: 0}
  m_NavMeshLayer: 0
  m_StaticEditorFlags: 0
  m_IsActive: 1
--- !u!4 &4646105085707816
Transform:
  m_GameObject: {fileID: 1817103764091462}
  m_LocalRotation: {x: 0, y: 0, z: 0, w: 1}
  m_LocalPosition: {x: 0, y: 0, z: 0}
  m_LocalScale: {x: 1, y: 1, z: 1}
  m_Children:
  - {fileID: 4415711939577881}
  - {fileID: 4112739987618740}
  - {fileID: 4026399594971679}
  - {fileID: 4599405432776799}
  m_Father: {fileID: 0}
  m_RootOrder: 0
  m_LocalEulerAnglesHint: {x: 0, y: 0, z: 0}
--- !u!111 &111267664539647156
Animation:
  m_GameObject: {fileID: 1817103764091462}
  m_Enabled: 1
  serializedVersion: 3
  m_Animation: {fileID: 0}
  m_Animations:
  - {fileID: 7400000, guid: 98727784b8ae4544c834723fa905558c, type: 2}
  - {fileID: 7400000, guid: 32f9e2333a0753a43830aa4bb82a001e, type: 2}
  - {fileID: 7400000, guid: 316eb1bea4764dd468c42b22089931c9, type: 2}
  - {fileID: 7400000, guid: e84bef836c2ecd54da4577a9ef1eaf8f, type: 2}
  - {fileID: 7400000, guid: 2e0c4e004a66bb84aaee5942cf107dc0, type: 2}
  - {fileID: 7400000, guid: 9a239176375c85f40a4f4f846f435f4c, type: 2}
  - {fileID: 7400000, guid: d57db057cb8641d42a36f78cfdbc042b, type: 2}
  - {fileID: 7400000, guid: 11cc4faff5e3e1c4ebc0e5ebf0cff9ed, type: 2}
  m_WrapMode: 0
  m_PlayAutomatically: 0
  m_AnimatePhysics: 0
  m_CullingType: 1
--- !u!114 &114619714281106172
MonoBehaviour:
  m_GameObject: {fileID: 1817103764091462}
  m_Enabled: 1
  m_EditorHideFlags: 0
  m_Script: {fileID: 11500000, guid: 203ebd45b8aad6940846389310fb33f6, type: 3}
  m_Name:
  m_EditorClassIdentifier:
  SpawnEffect: {fileID: 0}
  SpawnAudio: {fileID: 0}
  SpawnAudioDelaySecs: 0
  Intro: PeaSoupBarfer_Intro
  Idle: PeaSoupBarfer_Idle
  IntroLength: 2.4
  hpBar: {fileID: 0}
--- !u!82 &82717412035076189
AudioSource:
  m_GameObject: {fileID: 1817103764091462}
  m_Enabled: 1
  serializedVersion: 4
  OutputAudioMixerGroup: {fileID: 0}
  m_audioClip: {fileID: 0}
  m_PlayOnAwake: 0
  m_Volume: 1
  m_Pitch: 1
  Loop: 0
  Mute: 0
  Spatialize: 0
  SpatializePostEffects: 0
  Priority: 128
  DopplerLevel: 1
  MinDistance: 1
  MaxDistance: 500
  Pan2D: 0
  rolloffMode: 2
  BypassEffects: 0
  BypassListenerEffects: 0
  BypassReverbZones: 0
  rolloffCustomCurve:
    serializedVersion: 2
    m_Curve:
    - serializedVersion: 2
      time: 0
      value: 1
      inSlope: 0
      outSlope: 0
      tangentMode: 0
    - serializedVersion: 2
      time: 1
      value: 1
      inSlope: 0
      outSlope: 0
      tangentMode: 0
    m_PreInfinity: 2
    m_PostInfinity: 2
    m_RotationOrder: 0
  panLevelCustomCurve:
    serializedVersion: 2
    m_Curve:
    - serializedVersion: 2
      time: 0
      value: 0
      inSlope: 0
      outSlope: 0
      tangentMode: 0
    m_PreInfinity: 2
    m_PostInfinity: 2
    m_RotationOrder: 0
  spreadCustomCurve:
    serializedVersion: 2
    m_Curve:
    - serializedVersion: 2
      time: 0
      value: 0
      inSlope: 0
      outSlope: 0
      tangentMode: 0
    m_PreInfinity: 2
    m_PostInfinity: 2
    m_RotationOrder: 0
  reverbZoneMixCustomCurve:
    serializedVersion: 2
    m_Curve:
    - serializedVersion: 2
      time: 0
      value: 1
      inSlope: 0
      outSlope: 0
      tangentMode: 0
    m_PreInfinity: 2
    m_PostInfinity: 2
    m_RotationOrder: 0
--- !u!114 &114867634189067953
MonoBehaviour:
  m_GameObject: {fileID: 1817103764091462}
  m_Enabled: 1
  m_EditorHideFlags: 0
  m_Script: {fileID: 11500000, guid: 816f303b97b032a4d9e1a96b34158d44, type: 3}
  m_Name:
  m_EditorClassIdentifier:
  Tombstone: {fileID: 0}
  Timer: 0
  Idle:
  RemoveTombstone: 0
  DamageDealt: 0
  Flooped: 0
  Crash: 0
--- !u!114 &114599209574809850
MonoBehaviour:
  m_GameObject: {fileID: 1817103764091462}
  m_Enabled: 1
  m_EditorHideFlags: 0
  m_Script: {fileID: 11500000, guid: 9390b1f887e33a34caef2ef05f3f87a5, type: 3}
  m_Name:
  m_EditorClassIdentifier:
  animTarget: {fileID: 0}
  animName:
--- !u!1 &1246588872613464
GameObject:
  serializedVersion: 5
  m_Component:
  - component: {fileID: 4415711939577881}
  - component: {fileID: 137956998992810406}
  m_Layer: 0
  m_Name: PeaSoupBarfer
  m_TagString: Untagged
  m_Icon: {fileID: 0}
  m_NavMeshLayer: 0
  m_StaticEditorFlags: 0
  m_IsActive: 1
--- !u!4 &4415711939577881
Transform:
  m_GameObject: {fileID: 1246588872613464}
  m_LocalRotation: {x: -0.7071068, y: 0, z: 0, w: 0.7071068}
  m_LocalPosition: {x: -0.0007896964, y: 0, z: -0.01005721}
  m_LocalScale: {x: 1, y: 1, z: 1}
  m_Children: []
  m_Father: {fileID: 4646105085707816}
  m_RootOrder: 0
  m_LocalEulerAnglesHint: {x: -90, y: 0, z: 0}
--- !u!137 &137956998992810406
SkinnedMeshRenderer:
  m_GameObject: {fileID: 1246588872613464}
  m_Enabled: 1
  m_CastShadows: 1
  m_ReceiveShadows: 1
  m_DynamicOccludee: 1
  m_MotionVectors: 1
  m_LightProbeUsage: 0
  m_ReflectionProbeUsage: 1
  m_Materials:
  - {fileID: 0}
  m_StaticBatchInfo:
    firstSubMesh: 0
    subMeshCount: 0
  m_StaticBatchRoot: {fileID: 0}
  m_ProbeAnchor: {fileID: 0}
  m_LightProbeVolumeOverride: {fileID: 0}
  m_ScaleInLightmap: 1
  m_PreserveUVs: 0
  m_IgnoreNormalsForChartDetection: 0
  m_ImportantGI: 0
  m_StitchLightmapSeams: 0
  m_SelectedEditorRenderState: 3
  m_MinimumChartSize: 4
  m_AutoUVMaxDistance: 0.5
  m_AutoUVMaxAngle: 89
  m_LightmapParameters: {fileID: 0}
  m_SortingLayerID: 0
  m_SortingLayer: 0
  m_SortingOrder: 0
  serializedVersion: 2
  m_Quality: 0
  m_UpdateWhenOffscreen: 0
  m_skinnedMotionVectors: 0
  m_Mesh: {fileID: 4300000, guid: 9119af9f3ea2b8c43a867f9b11513106, type: 2}
  m_Bones:
  - {fileID: 4838171922442433}
  - {fileID: 4672404453037609}
  - {fileID: 4702960780672931}
  - {fileID: 4028326065256699}
  - {fileID: 4075126596426398}
  - {fileID: 4965653301518368}
  - {fileID: 4512148374729630}
  - {fileID: 4997015531598898}
  - {fileID: 4441965651330105}
  m_BlendShapeWeights: []
  m_RootBone: {fileID: 4702960780672931}
  m_AABB:
    m_Center: {x: -0.9955204, y: 1.155403, z: 0.1109374}
    m_Extent: {x: 1.582501, y: 2.14946, z: 2.280639}
  m_DirtyAABB: 0
--- !u!1 &1525574763030185
GameObject:
  serializedVersion: 5
  m_Component:
  - component: {fileID: 4112739987618740}
  - component: {fileID: 137393439994528305}
  m_Layer: 0
  m_Name: PeaSoupBarfer_Outline
  m_TagString: Untagged
  m_Icon: {fileID: 0}
  m_NavMeshLayer: 0
  m_StaticEditorFlags: 0
  m_IsActive: 1
--- !u!4 &4112739987618740
Transform:
  m_GameObject: {fileID: 1525574763030185}
  m_LocalRotation: {x: -0.7071068, y: 0, z: 0, w: 0.7071068}
  m_LocalPosition: {x: -0.0007896964, y: 0, z: -0.01005721}
  m_LocalScale: {x: 1, y: 1, z: 1}
  m_Children: []
  m_Father: {fileID: 4646105085707816}
  m_RootOrder: 1
  m_LocalEulerAnglesHint: {x: -90, y: 0, z: 0}
--- !u!137 &137393439994528305
SkinnedMeshRenderer:
  m_GameObject: {fileID: 1525574763030185}
  m_Enabled: 1
  m_CastShadows: 1
  m_ReceiveShadows: 1
  m_DynamicOccludee: 1
  m_MotionVectors: 1
  m_LightProbeUsage: 0
  m_ReflectionProbeUsage: 1
  m_Materials:
  - {fileID: 0}
  m_StaticBatchInfo:
    firstSubMesh: 0
    subMeshCount: 0
  m_StaticBatchRoot: {fileID: 0}
  m_ProbeAnchor: {fileID: 0}
  m_LightProbeVolumeOverride: {fileID: 0}
  m_ScaleInLightmap: 1
  m_PreserveUVs: 0
  m_IgnoreNormalsForChartDetection: 0
  m_ImportantGI: 0
  m_StitchLightmapSeams: 0
  m_SelectedEditorRenderState: 3
  m_MinimumChartSize: 4
  m_AutoUVMaxDistance: 0.5
  m_AutoUVMaxAngle: 89
  m_LightmapParameters: {fileID: 0}
  m_SortingLayerID: 0
  m_SortingLayer: 0
  m_SortingOrder: 0
  serializedVersion: 2
  m_Quality: 0
  m_UpdateWhenOffscreen: 0
  m_skinnedMotionVectors: 0
  m_Mesh: {fileID: 4300000, guid: 0c5b56613a36e36458830be50ccc3b41, type: 2}
  m_Bones:
  - {fileID: 4838171922442433}
  - {fileID: 4672404453037609}
  - {fileID: 4702960780672931}
  - {fileID: 4028326065256699}
  - {fileID: 4075126596426398}
  - {fileID: 4965653301518368}
  - {fileID: 4512148374729630}
  - {fileID: 4997015531598898}
  - {fileID: 4441965651330105}
  m_BlendShapeWeights: []
  m_RootBone: {fileID: 4702960780672931}
  m_AABB:
    m_Center: {x: -1.002604, y: 1.141117, z: 0.1125507}
    m_Extent: {x: 1.59525, y: 2.155167, z: 2.270804}
  m_DirtyAABB: 0
--- !u!1 &1745085560672244
GameObject:
  serializedVersion: 5
  m_Component:
  - component: {fileID: 4026399594971679}
  m_Layer: 0
  m_Name: Puppet_Global
  m_TagString: Untagged
  m_Icon: {fileID: 0}
  m_NavMeshLayer: 0
  m_StaticEditorFlags: 0
  m_IsActive: 1
--- !u!4 &4026399594971679
Transform:
  m_GameObject: {fileID: 1745085560672244}
  m_LocalRotation: {x: 0.5000001, y: -0.5000001, z: -0.5, w: 0.5}
  m_LocalPosition: {x: 3.190866E-14, y: 1.6, z: 6.993824E-08}
  m_LocalScale: {x: 0.9999999, y: 1, z: 0.9999999}
  m_Children:
  - {fileID: 4702960780672931}
  - {fileID: 4441965651330105}
  - {fileID: 4997015531598898}
  m_Father: {fileID: 4646105085707816}
  m_RootOrder: 2
  m_LocalEulerAnglesHint: {x: 90.00001, y: 0, z: 90}
--- !u!1 &1568483827660461
GameObject:
  serializedVersion: 5
  m_Component:
  - component: {fileID: 4702960780672931}
  m_Layer: 0
  m_Name: Puppet_Base
  m_TagString: Untagged
  m_Icon: {fileID: 0}
  m_NavMeshLayer: 0
  m_StaticEditorFlags: 0
  m_IsActive: 1
--- !u!4 &4702960780672931
Transform:
  m_GameObject: {fileID: 1568483827660461}
  m_LocalRotation: {x: 8.742276E-08, y: -1.136089E-14, z: -1.421085E-14, w: 1}
  m_LocalPosition: {x: 1.014569, y: -1.652943E-07, z: 2.803163E-14}
  m_LocalScale: {x: 1, y: 1, z: 1}
  m_Children:
  - {fileID: 4028326065256699}
  - {fileID: 4672404453037609}
  - {fileID: 4965653301518368}
  m_Father: {fileID: 4026399594971679}
  m_RootOrder: 0
  m_LocalEulerAnglesHint: {x: 1.001791E-05, y: 1.301862E-12, z: 1.628444E-12}
--- !u!1 &1273685596063761
GameObject:
  serializedVersion: 5
  m_Component:
  - component: {fileID: 4028326065256699}
  m_Layer: 0
  m_Name: Puppet_L_Leg
  m_TagString: Untagged
  m_Icon: {fileID: 0}
  m_NavMeshLayer: 0
  m_StaticEditorFlags: 0
  m_IsActive: 1
--- !u!4 &4028326065256699
Transform:
  m_GameObject: {fileID: 1273685596063761}
  m_LocalRotation: {x: -3.178648E-08, y: 1, z: -1.390904E-08, w: 1.228414E-07}
  m_LocalPosition: {x: -0.2250037, y: 0.08621629, z: 0.7332802}
  m_LocalScale: {x: 0.9999999, y: 0.9999999, z: 1}
  m_Children: []
  m_Father: {fileID: 4702960780672931}
  m_RootOrder: 0
  m_LocalEulerAnglesHint: {x: -180, y: -1.407659E-05, z: 180}
--- !u!1 &1118675037974000
GameObject:
  serializedVersion: 5
  m_Component:
  - component: {fileID: 4672404453037609}
  m_Layer: 0
  m_Name: Puppet_Mid
  m_TagString: Untagged
  m_Icon: {fileID: 0}
  m_NavMeshLayer: 0
  m_StaticEditorFlags: 0
  m_IsActive: 1
--- !u!4 &4672404453037609
Transform:
  m_GameObject: {fileID: 1118675037974000}
  m_LocalRotation: {x: -8.742277E-08, y: -3.035389E-22, z: 7.105429E-15, w: 1}
  m_LocalPosition: {x: -0.6899806, y: 1.421085E-14, z: -3.221355E-14}
  m_LocalScale: {x: 0.9999998, y: 0.9999998, z: 1}
  m_Children:
  - {fileID: 4075126596426398}
  - {fileID: 4512148374729630}
  - {fileID: 4838171922442433}
  m_Father: {fileID: 4702960780672931}
  m_RootOrder: 1
  m_LocalEulerAnglesHint: {x: -1.001791E-05, y: -3.639857E-20, z: -8.142222E-13}
--- !u!1 &1082651354067378
GameObject:
  serializedVersion: 5
  m_Component:
  - component: {fileID: 4075126596426398}
  m_Layer: 0
  m_Name: Puppet_L_Arm
  m_TagString: Untagged
  m_Icon: {fileID: 0}
  m_NavMeshLayer: 0
  m_StaticEditorFlags: 0
  m_IsActive: 1
--- !u!4 &4075126596426398
Transform:
  m_GameObject: {fileID: 1082651354067378}
  m_LocalRotation: {x: -0.1695318, y: 0.9614639, z: 0.03758446, w: 0.2131514}
  m_LocalPosition: {x: -0.6121182, y: -0.1140821, z: 0.8992147}
  m_LocalScale: {x: 1, y: 0.9999998, z: 0.9999998}
  m_Children: []
  m_Father: {fileID: 4672404453037609}
  m_RootOrder: 0
  m_LocalEulerAnglesHint: {x: 180, y: -25, z: 160}
--- !u!1 &1747268182636243
GameObject:
  serializedVersion: 5
  m_Component:
  - component: {fileID: 4512148374729630}
  m_Layer: 0
  m_Name: Puppet_R_Arm
  m_TagString: Untagged
  m_Icon: {fileID: 0}
  m_NavMeshLayer: 0
  m_StaticEditorFlags: 0
  m_IsActive: 1
--- !u!4 &4512148374729630
Transform:
  m_GameObject: {fileID: 1747268182636243}
  m_LocalRotation: {x: -0.1695319, y: 0.9614639, z: -0.03758457, w: -0.2131514}
  m_LocalPosition: {x: -0.6121182, y: -0.1140821, z: -0.8992147}
  m_LocalScale: {x: 0.9999999, y: 0.9999999, z: 0.9999998}
  m_Children: []
  m_Father: {fileID: 4672404453037609}
  m_RootOrder: 1
  m_LocalEulerAnglesHint: {x: -180, y: 25.00001, z: 160}
--- !u!1 &1332851439199997
GameObject:
  serializedVersion: 5
  m_Component:
  - component: {fileID: 4838171922442433}
  m_Layer: 0
  m_Name: Puppet_Top
  m_TagString: Untagged
  m_Icon: {fileID: 0}
  m_NavMeshLayer: 0
  m_StaticEditorFlags: 0
  m_IsActive: 1
--- !u!4 &4838171922442433
Transform:
  m_GameObject: {fileID: 1332851439199997}
  m_LocalRotation: {x: -5.874158E-07, y: -8.470328E-22, z: -4.975605E-28, w: 1}
  m_LocalPosition: {x: -0.6071584, y: 0, z: 8.541311E-16}
  m_LocalScale: {x: 1, y: 1, z: 1}
  m_Children: []
  m_Father: {fileID: 4672404453037609}
  m_RootOrder: 2
  m_LocalEulerAnglesHint: {x: -6.731289E-05, y: 9.706281E-20, z: 1.279482E-33}
--- !u!1 &1623895560049754
GameObject:
  serializedVersion: 5
  m_Component:
  - component: {fileID: 4965653301518368}
  m_Layer: 0
  m_Name: Puppet_R_Leg
  m_TagString: Untagged
  m_Icon: {fileID: 0}
  m_NavMeshLayer: 0
  m_StaticEditorFlags: 0
  m_IsActive: 1
--- !u!4 &4965653301518368
Transform:
  m_GameObject: {fileID: 1623895560049754}
  m_LocalRotation: {x: -2.702052E-07, y: 1, z: 6.795527E-14, w: 3.560855E-07}
  m_LocalPosition: {x: -0.2250037, y: 0.08621604, z: -0.7332802}
  m_LocalScale: {x: 0.9999999, y: 0.9999999, z: 1}
  m_Children: []
  m_Father: {fileID: 4702960780672931}
  m_RootOrder: 2
  m_LocalEulerAnglesHint: {x: -180, y: -4.080439E-05, z: 180}
--- !u!1 &1226737739281623
GameObject:
  serializedVersion: 5
  m_Component:
  - component: {fileID: 4441965651330105}
  m_Layer: 0
  m_Name: Puppet_Drops
  m_TagString: Untagged
  m_Icon: {fileID: 0}
  m_NavMeshLayer: 0
  m_StaticEditorFlags: 0
  m_IsActive: 1
--- !u!4 &4441965651330105
Transform:
  m_GameObject: {fileID: 1226737739281623}
  m_LocalRotation: {x: 1, y: -1.033161E-07, z: 4.140886E-14, w: 9.921165E-10}
  m_LocalPosition: {x: 1.6, y: -2.606732E-07, z: -6.114192E-15}
  m_LocalScale: {x: 1, y: 1, z: 1}
  m_Children: []
  m_Father: {fileID: 4026399594971679}
  m_RootOrder: 1
  m_LocalEulerAnglesHint: {x: 180, y: 4.756852E-12, z: 1.183915E-05}
--- !u!1 &1455847000198529
GameObject:
  serializedVersion: 5
  m_Component:
  - component: {fileID: 4997015531598898}
  m_Layer: 0
  m_Name: Puppet_Splat
  m_TagString: Untagged
  m_Icon: {fileID: 0}
  m_NavMeshLayer: 0
  m_StaticEditorFlags: 0
  m_IsActive: 1
--- !u!4 &4997015531598898
Transform:
  m_GameObject: {fileID: 1455847000198529}
  m_LocalRotation: {x: 1, y: -1.033161E-07, z: 3.101909E-14, w: 1.589328E-08}
  m_LocalPosition: {x: 1.6, y: -2.606732E-07, z: -2.627239E-15}
  m_LocalScale: {x: 0.9999999, y: 1, z: 0.9999999}
  m_Children: []
  m_Father: {fileID: 4026399594971679}
  m_RootOrder: 2
  m_LocalEulerAnglesHint: {x: 180, y: 3.742688E-12, z: 1.183915E-05}
--- !u!1 &1762885984114764
GameObject:
  serializedVersion: 5
  m_Component:
  - component: {fileID: 4599405432776799}
  m_Layer: 0
  m_Name: Puppet_Root
  m_TagString: Untagged
  m_Icon: {fileID: 0}
  m_NavMeshLayer: 0
  m_StaticEditorFlags: 0
  m_IsActive: 1
--- !u!4 &4599405432776799
Transform:
  m_GameObject: {fileID: 1762885984114764}
  m_LocalRotation: {x: -0.7071068, y: 0, z: 0, w: 0.7071068}
  m_LocalPosition: {x: 0, y: 0, z: 0}
  m_LocalScale: {x: 1, y: 1, z: 1}
  m_Children: []
  m_Father: {fileID: 4646105085707816}
  m_RootOrder: 3
  m_LocalEulerAnglesHint: {x: -90, y: 0, z: 0}
