%YAML 1.1
%TAG !u! tag:unity3d.com,2011:
--- !u!1001 &100100000
Prefab:
  serializedVersion: 2
  m_Modification:
    m_TransformParent: {fileID: 0}
    m_Modifications: []
    m_RemovedComponents: []
  m_ParentPrefab: {fileID: 0}
  m_RootGameObject: {fileID: 1104797407134202}
  m_IsPrefabParent: 1
--- !u!1 &1104797407134202
GameObject:
  serializedVersion: 5
  m_Component:
  - component: {fileID: 4783264357430119}
  - component: {fileID: 111918616389060419}
  - component: {fileID: 114593587245123514}
  - component: {fileID: 82953775441289971}
  - component: {fileID: 114359105788185135}
  - component: {fileID: 114990402006129750}
  m_Layer: 0
  m_Name: PorcelainGuardian
  m_TagString: Untagged
  m_Icon: {fileID: 0}
  m_NavMeshLayer: 0
  m_StaticEditorFlags: 0
  m_IsActive: 1
--- !u!4 &4783264357430119
Transform:
  m_GameObject: {fileID: 1104797407134202}
  m_LocalRotation: {x: 0, y: 0, z: 0, w: 1}
  m_LocalPosition: {x: 0, y: 0, z: 0}
  m_LocalScale: {x: 1, y: 1, z: 1}
  m_Children:
  - {fileID: 4966450707636985}
  - {fileID: 4787302928700668}
  - {fileID: 4630611138489769}
  - {fileID: 4712418912535183}
  m_Father: {fileID: 0}
  m_RootOrder: 0
  m_LocalEulerAnglesHint: {x: 0, y: 0, z: 0}
--- !u!111 &111918616389060419
Animation:
  m_GameObject: {fileID: 1104797407134202}
  m_Enabled: 1
  serializedVersion: 3
  m_Animation: {fileID: 0}
  m_Animations:
  - {fileID: 7400000, guid: f2459400541527e468f85815eb463e1d, type: 2}
  - {fileID: 7400000, guid: e1c9acd69afd98346bf02672391be8ff, type: 2}
  - {fileID: 7400000, guid: 316eb1bea4764dd468c42b22089931c9, type: 2}
  - {fileID: 7400000, guid: e84bef836c2ecd54da4577a9ef1eaf8f, type: 2}
  - {fileID: 7400000, guid: 2e0c4e004a66bb84aaee5942cf107dc0, type: 2}
  - {fileID: 7400000, guid: 9a239176375c85f40a4f4f846f435f4c, type: 2}
  - {fileID: 7400000, guid: d57db057cb8641d42a36f78cfdbc042b, type: 2}
  - {fileID: 7400000, guid: 11cc4faff5e3e1c4ebc0e5ebf0cff9ed, type: 2}
  m_WrapMode: 0
  m_PlayAutomatically: 0
  m_AnimatePhysics: 0
  m_CullingType: 1
--- !u!114 &114593587245123514
MonoBehaviour:
  m_GameObject: {fileID: 1104797407134202}
  m_Enabled: 1
  m_EditorHideFlags: 0
  m_Script: {fileID: 11500000, guid: 203ebd45b8aad6940846389310fb33f6, type: 3}
  m_Name:
  m_EditorClassIdentifier:
  SpawnEffect: {fileID: 0}
  SpawnAudio: {fileID: 8300000, guid: 533c0e09802c0134c869f1464f773557, type: 3}
  SpawnAudioDelaySecs: 0
  Intro: ToiletChomper_Intro
  Idle: ToiletChomper_Idle
  IntroLength: 0
  hpBar: {fileID: 0}
--- !u!82 &82953775441289971
AudioSource:
  m_GameObject: {fileID: 1104797407134202}
  m_Enabled: 1
  serializedVersion: 4
  OutputAudioMixerGroup: {fileID: 0}
  m_audioClip: {fileID: 0}
  m_PlayOnAwake: 0
  m_Volume: 1
  m_Pitch: 1
  Loop: 0
  Mute: 0
  Spatialize: 0
  SpatializePostEffects: 0
  Priority: 128
  DopplerLevel: 1
  MinDistance: 1
  MaxDistance: 500
  Pan2D: 0
  rolloffMode: 0
  BypassEffects: 0
  BypassListenerEffects: 0
  BypassReverbZones: 0
  rolloffCustomCurve:
    serializedVersion: 2
    m_Curve:
    - serializedVersion: 2
      time: 0
      value: 1
      inSlope: 0
      outSlope: 0
      tangentMode: 0
    - serializedVersion: 2
      time: 1
      value: 0
      inSlope: 0
      outSlope: 0
      tangentMode: 0
    m_PreInfinity: 2
    m_PostInfinity: 2
    m_RotationOrder: 0
  panLevelCustomCurve:
    serializedVersion: 2
    m_Curve:
    - serializedVersion: 2
      time: 0
      value: 0
      inSlope: 0
      outSlope: 0
      tangentMode: 0
    m_PreInfinity: 2
    m_PostInfinity: 2
    m_RotationOrder: 0
  spreadCustomCurve:
    serializedVersion: 2
    m_Curve:
    - serializedVersion: 2
      time: 0
      value: 0
      inSlope: 0
      outSlope: 0
      tangentMode: 0
    m_PreInfinity: 2
    m_PostInfinity: 2
    m_RotationOrder: 0
  reverbZoneMixCustomCurve:
    serializedVersion: 2
    m_Curve:
    - serializedVersion: 2
      time: 0
      value: 1
      inSlope: 0
      outSlope: 0
      tangentMode: 0
    m_PreInfinity: 2
    m_PostInfinity: 2
    m_RotationOrder: 0
--- !u!114 &114359105788185135
MonoBehaviour:
  m_GameObject: {fileID: 1104797407134202}
  m_Enabled: 1
  m_EditorHideFlags: 0
  m_Script: {fileID: 11500000, guid: 816f303b97b032a4d9e1a96b34158d44, type: 3}
  m_Name:
  m_EditorClassIdentifier:
  Tombstone: {fileID: 0}
  Timer: 0
  Idle:
  RemoveTombstone: 0
  DamageDealt: 0
  Flooped: 0
  Crash: 0
--- !u!114 &114990402006129750
MonoBehaviour:
  m_GameObject: {fileID: 1104797407134202}
  m_Enabled: 1
  m_EditorHideFlags: 0
  m_Script: {fileID: 11500000, guid: 9390b1f887e33a34caef2ef05f3f87a5, type: 3}
  m_Name:
  m_EditorClassIdentifier:
  animTarget: {fileID: 0}
  animName:
--- !u!1 &1460647113016100
GameObject:
  serializedVersion: 5
  m_Component:
  - component: {fileID: 4966450707636985}
  m_Layer: 0
  m_Name: Puppet_Base
  m_TagString: Untagged
  m_Icon: {fileID: 0}
  m_NavMeshLayer: 0
  m_StaticEditorFlags: 0
  m_IsActive: 1
--- !u!4 &4966450707636985
Transform:
  m_GameObject: {fileID: 1460647113016100}
  m_LocalRotation: {x: 0.5000001, y: -0.5000001, z: -0.4999999, w: 0.4999999}
  m_LocalPosition: {x: 0, y: -0.0133996, z: 6.993821E-08}
  m_LocalScale: {x: 1, y: 1, z: 1}
  m_Children:
  - {fileID: 4530967748615404}
  m_Father: {fileID: 4783264357430119}
  m_RootOrder: 0
  m_LocalEulerAnglesHint: {x: 90.00002, y: 0, z: 90}
--- !u!1 &1181314197271548
GameObject:
  serializedVersion: 5
  m_Component:
  - component: {fileID: 4530967748615404}
  m_Layer: 0
  m_Name: Puppet_Mid
  m_TagString: Untagged
  m_Icon: {fileID: 0}
  m_NavMeshLayer: 0
  m_StaticEditorFlags: 0
  m_IsActive: 1
--- !u!4 &4530967748615404
Transform:
  m_GameObject: {fileID: 1181314197271548}
  m_LocalRotation: {x: -8.742277E-08, y: -3.035389E-22, z: 7.105429E-15, w: 1}
  m_LocalPosition: {x: -0.7493212, y: -0.04511171, z: 7.887548E-09}
  m_LocalScale: {x: 0.9999998, y: 0.9999998, z: 1}
  m_Children:
  - {fileID: 4695753452558528}
  - {fileID: 4294935388946703}
  - {fileID: 4298272875847428}
  m_Father: {fileID: 4966450707636985}
  m_RootOrder: 0
  m_LocalEulerAnglesHint: {x: -1.001791E-05, y: -3.639857E-20, z: -8.142222E-13}
--- !u!1 &1833340697771113
GameObject:
  serializedVersion: 5
  m_Component:
  - component: {fileID: 4695753452558528}
  m_Layer: 0
  m_Name: Puppet_LipTop
  m_TagString: Untagged
  m_Icon: {fileID: 0}
  m_NavMeshLayer: 0
  m_StaticEditorFlags: 0
  m_IsActive: 1
--- !u!4 &4695753452558528
Transform:
  m_GameObject: {fileID: 1833340697771113}
  m_LocalRotation: {x: 8.186525E-08, y: -1.039388E-07, z: -0.4617487, w: 0.8870108}
  m_LocalPosition: {x: -0.4949047, y: -0.1323935, z: -1.252537E-07}
  m_LocalScale: {x: 0.9999999, y: 1, z: 0.9999999}
  m_Children: []
  m_Father: {fileID: 4530967748615404}
  m_RootOrder: 0
  m_LocalEulerAnglesHint: {x: 1.382077E-05, y: 6.233054E-06, z: 55.00001}
--- !u!1 &1780026813481102
GameObject:
  serializedVersion: 5
  m_Component:
  - component: {fileID: 4294935388946703}
  m_Layer: 0
  m_Name: Puppet_Tongue
  m_TagString: Untagged
  m_Icon: {fileID: 0}
  m_NavMeshLayer: 0
  m_StaticEditorFlags: 0
  m_IsActive: 1
--- !u!4 &4294935388946703
Transform:
  m_GameObject: {fileID: 1780026813481102}
  m_LocalRotation: {x: 6.181718E-08, y: -1.99496E-07, z: -0.7071068, w: 0.7071069}
  m_LocalPosition: {x: -0.2393586, y: 0.2698064, z: -1.766866E-07}
  m_LocalScale: {x: 1, y: 1, z: 1}
  m_Children: []
  m_Father: {fileID: 4530967748615404}
  m_RootOrder: 1
  m_LocalEulerAnglesHint: {x: 2.117381E-05, y: 1.115591E-05, z: 89.99999}
--- !u!1 &1887959199247295
GameObject:
  serializedVersion: 5
  m_Component:
  - component: {fileID: 4298272875847428}
  m_Layer: 0
  m_Name: Puppet_Top
  m_TagString: Untagged
  m_Icon: {fileID: 0}
  m_NavMeshLayer: 0
  m_StaticEditorFlags: 0
  m_IsActive: 1
--- !u!4 &4298272875847428
Transform:
  m_GameObject: {fileID: 1887959199247295}
  m_LocalRotation: {x: -5.874158E-07, y: -8.470328E-22, z: -4.975605E-28, w: 1}
  m_LocalPosition: {x: -0.3134326, y: -0.3692788, z: -1.344088E-14}
  m_LocalScale: {x: 1, y: 1, z: 1}
  m_Children:
  - {fileID: 4739268265873876}
  - {fileID: 4812764485894352}
  m_Father: {fileID: 4530967748615404}
  m_RootOrder: 2
  m_LocalEulerAnglesHint: {x: -6.731289E-05, y: 9.706281E-20, z: 1.279482E-33}
--- !u!1 &1089014300034236
GameObject:
  serializedVersion: 5
  m_Component:
  - component: {fileID: 4739268265873876}
  m_Layer: 0
  m_Name: Puppet_Upperarm_L
  m_TagString: Untagged
  m_Icon: {fileID: 0}
  m_NavMeshLayer: 0
  m_StaticEditorFlags: 0
  m_IsActive: 1
--- !u!4 &4739268265873876
Transform:
  m_GameObject: {fileID: 1089014300034236}
  m_LocalRotation: {x: -0.01371914, y: 0.7437393, z: -0.6097736, w: 0.2735685}
  m_LocalPosition: {x: -0.9585346, y: -0.04303908, z: 1.070815}
  m_LocalScale: {x: 0.9999998, y: 1, z: 0.9999998}
  m_Children:
  - {fileID: 4753866567672410}
  m_Father: {fileID: 4298272875847428}
  m_RootOrder: 0
  m_LocalEulerAnglesHint: {x: -96.65303, y: -22.9667, z: 157.3863}
--- !u!1 &1253960924891518
GameObject:
  serializedVersion: 5
  m_Component:
  - component: {fileID: 4753866567672410}
  m_Layer: 0
  m_Name: Puppet_Forearm_L
  m_TagString: Untagged
  m_Icon: {fileID: 0}
  m_NavMeshLayer: 0
  m_StaticEditorFlags: 0
  m_IsActive: 1
--- !u!4 &4753866567672410
Transform:
  m_GameObject: {fileID: 1253960924891518}
  m_LocalRotation: {x: -0.03280939, y: -0.328835, z: -0.1672501, w: 0.9288802}
  m_LocalPosition: {x: -0.6449505, y: -1.192093E-07, z: -1.192093E-07}
  m_LocalScale: {x: 1, y: 0.9999998, z: 0.9999999}
  m_Children:
  - {fileID: 4968979137930337}
  m_Father: {fileID: 4739268265873876}
  m_RootOrder: 0
  m_LocalEulerAnglesHint: {x: 3.590539, y: 38.45293, z: 21.6667}
--- !u!1 &1737210481264325
GameObject:
  serializedVersion: 5
  m_Component:
  - component: {fileID: 4968979137930337}
  m_Layer: 0
  m_Name: Puppet_Hand_L
  m_TagString: Untagged
  m_Icon: {fileID: 0}
  m_NavMeshLayer: 0
  m_StaticEditorFlags: 0
  m_IsActive: 1
--- !u!4 &4968979137930337
Transform:
  m_GameObject: {fileID: 1737210481264325}
  m_LocalRotation: {x: 0.03165353, y: -0.3697171, z: -0.1795152, w: 0.9110882}
  m_LocalPosition: {x: -0.6449504, y: 0, z: 2.384186E-07}
  m_LocalScale: {x: 0.9999999, y: 1, z: 1}
  m_Children: []
  m_Father: {fileID: 4753866567672410}
  m_RootOrder: 0
  m_LocalEulerAnglesHint: {x: 14.72359, y: 41.47744, z: 27.89423}
--- !u!1 &1721909604452352
GameObject:
  serializedVersion: 5
  m_Component:
  - component: {fileID: 4812764485894352}
  m_Layer: 0
  m_Name: Puppet_UpperArm_R
  m_TagString: Untagged
  m_Icon: {fileID: 0}
  m_NavMeshLayer: 0
  m_StaticEditorFlags: 0
  m_IsActive: 1
--- !u!4 &4812764485894352
Transform:
  m_GameObject: {fileID: 1721909604452352}
  m_LocalRotation: {x: 0.03532028, y: 0.7682828, z: 0.6218367, w: -0.1476927}
  m_LocalPosition: {x: -0.9658781, y: -0.0167287, z: -1.075206}
  m_LocalScale: {x: 0.9999998, y: 1, z: 0.9999998}
  m_Children:
  - {fileID: 4455970506773527}
  m_Father: {fileID: 4298272875847428}
  m_RootOrder: 1
  m_LocalEulerAnglesHint: {x: 100.9597, y: 15.71583, z: 172.274}
--- !u!1 &1703115361416172
GameObject:
  serializedVersion: 5
  m_Component:
  - component: {fileID: 4455970506773527}
  m_Layer: 0
  m_Name: Puppet_Forearm_R
  m_TagString: Untagged
  m_Icon: {fileID: 0}
  m_NavMeshLayer: 0
  m_StaticEditorFlags: 0
  m_IsActive: 1
--- !u!4 &4455970506773527
Transform:
  m_GameObject: {fileID: 1703115361416172}
  m_LocalRotation: {x: 0.06449495, y: 0.4483763, z: -0.1209247, w: 0.8832759}
  m_LocalPosition: {x: -0.6449507, y: 2.384186E-07, z: -4.470348E-08}
  m_LocalScale: {x: 1, y: 0.9999998, z: 1}
  m_Children:
  - {fileID: 4614907246161808}
  m_Father: {fileID: 4812764485894352}
  m_RootOrder: 0
  m_LocalEulerAnglesHint: {x: 0.5338913, y: -53.86968, z: 15.31994}
--- !u!1 &1837166337533427
GameObject:
  serializedVersion: 5
  m_Component:
  - component: {fileID: 4614907246161808}
  m_Layer: 0
  m_Name: Puppet_Hand_R
  m_TagString: Untagged
  m_Icon: {fileID: 0}
  m_NavMeshLayer: 0
  m_StaticEditorFlags: 0
  m_IsActive: 1
--- !u!4 &4614907246161808
Transform:
  m_GameObject: {fileID: 1837166337533427}
  m_LocalRotation: {x: -0.0672131, y: 0.293276, z: -0.2196619, w: 0.9280196}
  m_LocalPosition: {x: -0.6449503, y: 0, z: 1.192093E-07}
  m_LocalScale: {x: 0.9999998, y: 0.9999999, z: 0.9999998}
  m_Children: []
  m_Father: {fileID: 4455970506773527}
  m_RootOrder: 0
  m_LocalEulerAnglesHint: {x: -17.20562, y: -30.98432, z: 31.43595}
--- !u!1 &1954888082180032
GameObject:
  serializedVersion: 5
  m_Component:
  - component: {fileID: 4787302928700668}
  m_Layer: 0
  m_Name: Puppet_Root
  m_TagString: Untagged
  m_Icon: {fileID: 0}
  m_NavMeshLayer: 0
  m_StaticEditorFlags: 0
  m_IsActive: 1
--- !u!4 &4787302928700668
Transform:
  m_GameObject: {fileID: 1954888082180032}
  m_LocalRotation: {x: -0.7071068, y: 0, z: 0, w: 0.7071068}
  m_LocalPosition: {x: 0, y: 0, z: 0}
  m_LocalScale: {x: 1, y: 1, z: 1}
  m_Children: []
  m_Father: {fileID: 4783264357430119}
  m_RootOrder: 1
  m_LocalEulerAnglesHint: {x: -90, y: 0, z: 0}
--- !u!1 &1394734916979422
GameObject:
  serializedVersion: 5
  m_Component:
  - component: {fileID: 4630611138489769}
  - component: {fileID: 137570827442433485}
  m_Layer: 0
  m_Name: ToiletChomper
  m_TagString: Untagged
  m_Icon: {fileID: 0}
  m_NavMeshLayer: 0
  m_StaticEditorFlags: 0
  m_IsActive: 1
--- !u!4 &4630611138489769
Transform:
  m_GameObject: {fileID: 1394734916979422}
  m_LocalRotation: {x: -0.7071068, y: 0, z: 0, w: 0.7071068}
  m_LocalPosition: {x: 0, y: 0, z: 0}
  m_LocalScale: {x: 1, y: 1, z: 1}
  m_Children: []
  m_Father: {fileID: 4783264357430119}
  m_RootOrder: 2
  m_LocalEulerAnglesHint: {x: -90, y: 0, z: 0}
--- !u!137 &137570827442433485
SkinnedMeshRenderer:
  m_GameObject: {fileID: 1394734916979422}
  m_Enabled: 1
  m_CastShadows: 1
  m_ReceiveShadows: 1
  m_DynamicOccludee: 1
  m_MotionVectors: 1
  m_LightProbeUsage: 0
  m_ReflectionProbeUsage: 1
  m_Materials:
  - {fileID: 2100000, guid: 8dbecf7f093d31c438efb59ee0860be8, type: 2}
  m_StaticBatchInfo:
    firstSubMesh: 0
    subMeshCount: 0
  m_StaticBatchRoot: {fileID: 0}
  m_ProbeAnchor: {fileID: 0}
  m_LightProbeVolumeOverride: {fileID: 0}
  m_ScaleInLightmap: 1
  m_PreserveUVs: 0
  m_IgnoreNormalsForChartDetection: 0
  m_ImportantGI: 0
  m_StitchLightmapSeams: 0
  m_SelectedEditorRenderState: 3
  m_MinimumChartSize: 4
  m_AutoUVMaxDistance: 0.5
  m_AutoUVMaxAngle: 89
  m_LightmapParameters: {fileID: 0}
  m_SortingLayerID: 0
  m_SortingLayer: 0
  m_SortingOrder: 0
  serializedVersion: 2
  m_Quality: 0
  m_UpdateWhenOffscreen: 0
  m_skinnedMotionVectors: 0
  m_Mesh: {fileID: 4300000, guid: eba58b555ea2a4b41bc9e1a11c18403c, type: 2}
  m_Bones:
  - {fileID: 4530967748615404}
  - {fileID: 4298272875847428}
  - {fileID: 4614907246161808}
  - {fileID: 4294935388946703}
  - {fileID: 4968979137930337}
  - {fileID: 4966450707636985}
  - {fileID: 4695753452558528}
  - {fileID: 4812764485894352}
  - {fileID: 4455970506773527}
  - {fileID: 4739268265873876}
  - {fileID: 4753866567672410}
  m_BlendShapeWeights: []
  m_RootBone: {fileID: 4966450707636985}
  m_AABB:
    m_Center: {x: -1.430225, y: 0.4709402, z: 0.02711904}
    m_Extent: {x: 1.427981, y: 1.367857, z: 1.516305}
  m_DirtyAABB: 0
--- !u!1 &1599213874265319
GameObject:
  serializedVersion: 5
  m_Component:
  - component: {fileID: 4712418912535183}
  - component: {fileID: 137251051754924959}
  m_Layer: 0
  m_Name: ToiletChomper_Outline
  m_TagString: Untagged
  m_Icon: {fileID: 0}
  m_NavMeshLayer: 0
  m_StaticEditorFlags: 0
  m_IsActive: 1
--- !u!4 &4712418912535183
Transform:
  m_GameObject: {fileID: 1599213874265319}
  m_LocalRotation: {x: -0.7071068, y: 0, z: 0, w: 0.7071068}
  m_LocalPosition: {x: 0, y: 0, z: 0}
  m_LocalScale: {x: 1, y: 1, z: 1}
  m_Children: []
  m_Father: {fileID: 4783264357430119}
  m_RootOrder: 3
  m_LocalEulerAnglesHint: {x: -90, y: 0, z: 0}
--- !u!137 &137251051754924959
SkinnedMeshRenderer:
  m_GameObject: {fileID: 1599213874265319}
  m_Enabled: 1
  m_CastShadows: 1
  m_ReceiveShadows: 1
  m_DynamicOccludee: 1
  m_MotionVectors: 1
  m_LightProbeUsage: 0
  m_ReflectionProbeUsage: 1
  m_Materials:
  - {fileID: 2100000, guid: 8dbecf7f093d31c438efb59ee0860be8, type: 2}
  m_StaticBatchInfo:
    firstSubMesh: 0
    subMeshCount: 0
  m_StaticBatchRoot: {fileID: 0}
  m_ProbeAnchor: {fileID: 0}
  m_LightProbeVolumeOverride: {fileID: 0}
  m_ScaleInLightmap: 1
  m_PreserveUVs: 0
  m_IgnoreNormalsForChartDetection: 0
  m_ImportantGI: 0
  m_StitchLightmapSeams: 0
  m_SelectedEditorRenderState: 3
  m_MinimumChartSize: 4
  m_AutoUVMaxDistance: 0.5
  m_AutoUVMaxAngle: 89
  m_LightmapParameters: {fileID: 0}
  m_SortingLayerID: 0
  m_SortingLayer: 0
  m_SortingOrder: 0
  serializedVersion: 2
  m_Quality: 0
  m_UpdateWhenOffscreen: 0
  m_skinnedMotionVectors: 0
  m_Mesh: {fileID: 4300000, guid: 2ecac00756378844fb574860319db7c6, type: 2}
  m_Bones:
  - {fileID: 4530967748615404}
  - {fileID: 4298272875847428}
  - {fileID: 4695753452558528}
  - {fileID: 4294935388946703}
  - {fileID: 4812764485894352}
  - {fileID: 4455970506773527}
  - {fileID: 4614907246161808}
  - {fileID: 4739268265873876}
  - {fileID: 4753866567672410}
  - {fileID: 4968979137930337}
  - {fileID: 4966450707636985}
  m_BlendShapeWeights: []
  m_RootBone: {fileID: 4966450707636985}
  m_AABB:
    m_Center: {x: -1.429411, y: 0.4722337, z: 0.0269984}
    m_Extent: {x: 1.444966, y: 1.386318, z: 1.538428}
  m_DirtyAABB: 0
