%YAML 1.1
%TAG !u! tag:unity3d.com,2011:
--- !u!1001 &100100000
Prefab:
  serializedVersion: 2
  m_Modification:
    m_TransformParent: {fileID: 0}
    m_Modifications: []
    m_RemovedComponents: []
  m_ParentPrefab: {fileID: 0}
  m_RootGameObject: {fileID: 1691103505757203}
  m_IsPrefabParent: 1
--- !u!1 &1691103505757203
GameObject:
  serializedVersion: 5
  m_Component:
  - component: {fileID: 4723019672318447}
  - component: {fileID: 111961592540559472}
  - component: {fileID: 114560348107539030}
  - component: {fileID: 82206734436908306}
  - component: {fileID: 114499813926732587}
  - component: {fileID: 114467988021084226}
  m_Layer: 0
  m_Name: SandSnake
  m_TagString: Untagged
  m_Icon: {fileID: 0}
  m_NavMeshLayer: 0
  m_StaticEditorFlags: 0
  m_IsActive: 1
--- !u!4 &4723019672318447
Transform:
  m_GameObject: {fileID: 1691103505757203}
  m_LocalRotation: {x: 0, y: 0, z: 0, w: 1}
  m_LocalPosition: {x: 0, y: 0, z: 0}
  m_LocalScale: {x: 1, y: 1, z: 1}
  m_Children:
  - {fileID: 4921482266828918}
  - {fileID: 4618066923841504}
  - {fileID: 4196405437565942}
  - {fileID: 4404248016826730}
  m_Father: {fileID: 0}
  m_RootOrder: 0
  m_LocalEulerAnglesHint: {x: 0, y: 0, z: 0}
--- !u!111 &111961592540559472
Animation:
  m_GameObject: {fileID: 1691103505757203}
  m_Enabled: 1
  serializedVersion: 3
  m_Animation: {fileID: 0}
  m_Animations:
  - {fileID: 7400000, guid: 366a9dd91c0b56441ac8f821128c788e, type: 2}
  - {fileID: 7400000, guid: 49635ab7cafd27b4581e3c69a1713d2c, type: 2}
  - {fileID: 7400000, guid: 316eb1bea4764dd468c42b22089931c9, type: 2}
  - {fileID: 7400000, guid: e84bef836c2ecd54da4577a9ef1eaf8f, type: 2}
  - {fileID: 7400000, guid: 2e0c4e004a66bb84aaee5942cf107dc0, type: 2}
  - {fileID: 7400000, guid: 9a239176375c85f40a4f4f846f435f4c, type: 2}
  - {fileID: 7400000, guid: d57db057cb8641d42a36f78cfdbc042b, type: 2}
  - {fileID: 7400000, guid: 11cc4faff5e3e1c4ebc0e5ebf0cff9ed, type: 2}
  m_WrapMode: 0
  m_PlayAutomatically: 0
  m_AnimatePhysics: 0
  m_CullingType: 1
--- !u!114 &114560348107539030
MonoBehaviour:
  m_GameObject: {fileID: 1691103505757203}
  m_Enabled: 1
  m_EditorHideFlags: 0
  m_Script: {fileID: 11500000, guid: 203ebd45b8aad6940846389310fb33f6, type: 3}
  m_Name:
  m_EditorClassIdentifier:
  SpawnEffect: {fileID: 0}
  SpawnAudio: {fileID: 8300000, guid: 52101c87ad87431438fd88b2801a454a, type: 3}
  SpawnAudioDelaySecs: 0
  Intro: SandWorm_Intro
  Idle: SandWorm_Idle
  IntroLength: 1.966667
  hpBar: {fileID: 0}
--- !u!82 &82206734436908306
AudioSource:
  m_GameObject: {fileID: 1691103505757203}
  m_Enabled: 1
  serializedVersion: 4
  OutputAudioMixerGroup: {fileID: 0}
  m_audioClip: {fileID: 0}
  m_PlayOnAwake: 0
  m_Volume: 1
  m_Pitch: 1
  Loop: 0
  Mute: 0
  Spatialize: 0
  SpatializePostEffects: 0
  Priority: 128
  DopplerLevel: 1
  MinDistance: 1
  MaxDistance: 500
  Pan2D: 0
  rolloffMode: 2
  BypassEffects: 0
  BypassListenerEffects: 0
  BypassReverbZones: 0
  rolloffCustomCurve:
    serializedVersion: 2
    m_Curve:
    - serializedVersion: 2
      time: 0
      value: 1
      inSlope: 0
      outSlope: 0
      tangentMode: 0
    - serializedVersion: 2
      time: 1
      value: 1
      inSlope: 0
      outSlope: 0
      tangentMode: 0
    m_PreInfinity: 2
    m_PostInfinity: 2
    m_RotationOrder: 0
  panLevelCustomCurve:
    serializedVersion: 2
    m_Curve:
    - serializedVersion: 2
      time: 0
      value: 0
      inSlope: 0
      outSlope: 0
      tangentMode: 0
    m_PreInfinity: 2
    m_PostInfinity: 2
    m_RotationOrder: 0
  spreadCustomCurve:
    serializedVersion: 2
    m_Curve:
    - serializedVersion: 2
      time: 0
      value: 0
      inSlope: 0
      outSlope: 0
      tangentMode: 0
    m_PreInfinity: 2
    m_PostInfinity: 2
    m_RotationOrder: 0
  reverbZoneMixCustomCurve:
    serializedVersion: 2
    m_Curve:
    - serializedVersion: 2
      time: 0
      value: 1
      inSlope: 0
      outSlope: 0
      tangentMode: 0
    m_PreInfinity: 2
    m_PostInfinity: 2
    m_RotationOrder: 0
--- !u!114 &114499813926732587
MonoBehaviour:
  m_GameObject: {fileID: 1691103505757203}
  m_Enabled: 1
  m_EditorHideFlags: 0
  m_Script: {fileID: 11500000, guid: 816f303b97b032a4d9e1a96b34158d44, type: 3}
  m_Name:
  m_EditorClassIdentifier:
  Tombstone: {fileID: 0}
  Timer: 0
  Idle:
  RemoveTombstone: 0
  DamageDealt: 0
  Flooped: 0
  Crash: 0
--- !u!114 &114467988021084226
MonoBehaviour:
  m_GameObject: {fileID: 1691103505757203}
  m_Enabled: 1
  m_EditorHideFlags: 0
  m_Script: {fileID: 11500000, guid: 9390b1f887e33a34caef2ef05f3f87a5, type: 3}
  m_Name:
  m_EditorClassIdentifier:
  animTarget: {fileID: 0}
  animName:
--- !u!1 &1284058195875610
GameObject:
  serializedVersion: 5
  m_Component:
  - component: {fileID: 4921482266828918}
  m_Layer: 0
  m_Name: Puppet_Base
  m_TagString: Untagged
  m_Icon: {fileID: 0}
  m_NavMeshLayer: 0
  m_StaticEditorFlags: 0
  m_IsActive: 1
--- !u!4 &4921482266828918
Transform:
  m_GameObject: {fileID: 1284058195875610}
  m_LocalRotation: {x: 0.5000001, y: -0.5000001, z: -0.4999999, w: 0.4999999}
  m_LocalPosition: {x: 0, y: -0.0133996, z: 6.993821E-08}
  m_LocalScale: {x: 1, y: 1, z: 1}
  m_Children:
  - {fileID: 4347433542980579}
  - {fileID: 4840745825323077}
  m_Father: {fileID: 4723019672318447}
  m_RootOrder: 0
  m_LocalEulerAnglesHint: {x: 90.00002, y: 0, z: 90}
--- !u!1 &1550809694202675
GameObject:
  serializedVersion: 5
  m_Component:
  - component: {fileID: 4347433542980579}
  m_Layer: 0
  m_Name: Puppet_Neck01
  m_TagString: Untagged
  m_Icon: {fileID: 0}
  m_NavMeshLayer: 0
  m_StaticEditorFlags: 0
  m_IsActive: 1
--- !u!4 &4347433542980579
Transform:
  m_GameObject: {fileID: 1550809694202675}
  m_LocalRotation: {x: -0.1830128, y: -0.6830127, z: 0.1830128, w: 0.6830127}
  m_LocalPosition: {x: -1.052847, y: -0.1591816, z: 0.4434219}
  m_LocalScale: {x: 0.9999999, y: 0.9999999, z: 0.9999998}
  m_Children:
  - {fileID: 4621630055580940}
  m_Father: {fileID: 4921482266828918}
  m_RootOrder: 0
  m_LocalEulerAnglesHint: {x: -90, y: 59.99998, z: -90}
--- !u!1 &1787253680454496
GameObject:
  serializedVersion: 5
  m_Component:
  - component: {fileID: 4621630055580940}
  m_Layer: 0
  m_Name: Puppet_Neck02
  m_TagString: Untagged
  m_Icon: {fileID: 0}
  m_NavMeshLayer: 0
  m_StaticEditorFlags: 0
  m_IsActive: 1
--- !u!4 &4621630055580940
Transform:
  m_GameObject: {fileID: 1787253680454496}
  m_LocalRotation: {x: 0.1913417, y: 0.3314136, z: -0.4619397, w: 0.8001032}
  m_LocalPosition: {x: -0.4931401, y: 0, z: 1.192093E-07}
  m_LocalScale: {x: 1, y: 1, z: 1}
  m_Children:
  - {fileID: 4356470866752859}
  m_Father: {fileID: 4347433542980579}
  m_RootOrder: 0
  m_LocalEulerAnglesHint: {x: -7.137155E-08, y: -45, z: 59.99999}
--- !u!1 &1337566101585388
GameObject:
  serializedVersion: 5
  m_Component:
  - component: {fileID: 4356470866752859}
  m_Layer: 0
  m_Name: Puppet_Neck03
  m_TagString: Untagged
  m_Icon: {fileID: 0}
  m_NavMeshLayer: 0
  m_StaticEditorFlags: 0
  m_IsActive: 1
--- !u!4 &4356470866752859
Transform:
  m_GameObject: {fileID: 1337566101585388}
  m_LocalRotation: {x: 0.3312859, y: -0.2292739, z: -0.3795361, w: 0.8328478}
  m_LocalPosition: {x: -0.7558921, y: 0, z: -5.960464E-08}
  m_LocalScale: {x: 0.9999999, y: 0.9999999, z: 1}
  m_Children:
  - {fileID: 4818443022070698}
  m_Father: {fileID: 4621630055580940}
  m_RootOrder: 0
  m_LocalEulerAnglesHint: {x: 47.06366, y: 7.494473, z: 52.26576}
--- !u!1 &1691125343059886
GameObject:
  serializedVersion: 5
  m_Component:
  - component: {fileID: 4818443022070698}
  m_Layer: 0
  m_Name: Puppet_Head
  m_TagString: Untagged
  m_Icon: {fileID: 0}
  m_NavMeshLayer: 0
  m_StaticEditorFlags: 0
  m_IsActive: 1
--- !u!4 &4818443022070698
Transform:
  m_GameObject: {fileID: 1691125343059886}
  m_LocalRotation: {x: 0.02141443, y: -0.1304957, z: 0.002819316, w: 0.9912136}
  m_LocalPosition: {x: -0.4164603, y: 0, z: 1.192093E-07}
  m_LocalScale: {x: 1, y: 1, z: 1}
  m_Children:
  - {fileID: 4880127304407104}
  - {fileID: 4252599797561915}
  m_Father: {fileID: 4356470866752859}
  m_RootOrder: 0
  m_LocalEulerAnglesHint: {x: 2.475279, y: 15, z: -6.187645E-06}
--- !u!1 &1108382181964108
GameObject:
  serializedVersion: 5
  m_Component:
  - component: {fileID: 4880127304407104}
  m_Layer: 0
  m_Name: Puppet_Mouth_Bottom
  m_TagString: Untagged
  m_Icon: {fileID: 0}
  m_NavMeshLayer: 0
  m_StaticEditorFlags: 0
  m_IsActive: 1
--- !u!4 &4880127304407104
Transform:
  m_GameObject: {fileID: 1108382181964108}
  m_LocalRotation: {x: 2.042631E-08, y: -0.2439939, z: -4.095745E-08, w: 0.9697768}
  m_LocalPosition: {x: -0.6596478, y: 1.788139E-07, z: -1.192093E-07}
  m_LocalScale: {x: 1, y: 0.9999996, z: 0.9999998}
  m_Children: []
  m_Father: {fileID: 4818443022070698}
  m_RootOrder: 0
  m_LocalEulerAnglesHint: {x: 3.876676E-06, y: 28.24476, z: 5.815012E-06}
--- !u!1 &1703196043374873
GameObject:
  serializedVersion: 5
  m_Component:
  - component: {fileID: 4252599797561915}
  m_Layer: 0
  m_Name: Puppet_Mouth_Top
  m_TagString: Untagged
  m_Icon: {fileID: 0}
  m_NavMeshLayer: 0
  m_StaticEditorFlags: 0
  m_IsActive: 1
--- !u!4 &4252599797561915
Transform:
  m_GameObject: {fileID: 1703196043374873}
  m_LocalRotation: {x: 1.143184E-08, y: 0.123935, z: -9.152949E-08, w: 0.9922904}
  m_LocalPosition: {x: -0.6596478, y: -2.980232E-08, z: -1.192093E-07}
  m_LocalScale: {x: 0.9999995, y: 0.9999996, z: 0.9999999}
  m_Children: []
  m_Father: {fileID: 4818443022070698}
  m_RootOrder: 1
  m_LocalEulerAnglesHint: {x: -1.322541E-13, y: -14.23851, z: 1.057E-05}
--- !u!1 &1221432060305307
GameObject:
  serializedVersion: 5
  m_Component:
  - component: {fileID: 4840745825323077}
  m_Layer: 0
  m_Name: Puppet_Tail01
  m_TagString: Untagged
  m_Icon: {fileID: 0}
  m_NavMeshLayer: 0
  m_StaticEditorFlags: 0
  m_IsActive: 1
--- !u!4 &4840745825323077
Transform:
  m_GameObject: {fileID: 1221432060305307}
  m_LocalRotation: {x: -0.5453075, y: 0.4508875, z: 0.4584833, w: 0.5377113}
  m_LocalPosition: {x: -0.2746858, y: -1.108127, z: -0.3763497}
  m_LocalScale: {x: 0.9999998, y: 0.9999996, z: 0.9999999}
  m_Children:
  - {fileID: 4668711296374952}
  m_Father: {fileID: 4921482266828918}
  m_RootOrder: 1
  m_LocalEulerAnglesHint: {x: -90.43698, y: -80.03816, z: -0.4367629}
--- !u!1 &1713487648742958
GameObject:
  serializedVersion: 5
  m_Component:
  - component: {fileID: 4668711296374952}
  m_Layer: 0
  m_Name: Puppet_Tail02
  m_TagString: Untagged
  m_Icon: {fileID: 0}
  m_NavMeshLayer: 0
  m_StaticEditorFlags: 0
  m_IsActive: 1
--- !u!4 &4668711296374952
Transform:
  m_GameObject: {fileID: 1713487648742958}
  m_LocalRotation: {x: -0.07773451, y: 0.2162307, z: -0.2516885, w: 0.9401354}
  m_LocalPosition: {x: -0.8581971, y: 0, z: 0}
  m_LocalScale: {x: 1.000001, y: 1.000001, z: 1}
  m_Children:
  - {fileID: 4396951036086716}
  m_Father: {fileID: 4840745825323077}
  m_RootOrder: 0
  m_LocalEulerAnglesHint: {x: -15.91362, y: -21.55797, z: 33.02352}
--- !u!1 &1145553000656404
GameObject:
  serializedVersion: 5
  m_Component:
  - component: {fileID: 4396951036086716}
  m_Layer: 0
  m_Name: Puppet_Tail03
  m_TagString: Untagged
  m_Icon: {fileID: 0}
  m_NavMeshLayer: 0
  m_StaticEditorFlags: 0
  m_IsActive: 1
--- !u!4 &4396951036086716
Transform:
  m_GameObject: {fileID: 1145553000656404}
  m_LocalRotation: {x: 0.01340263, y: 0.05934903, z: -0.2801629, w: 0.9580224}
  m_LocalPosition: {x: -0.5336485, y: 5.960464E-08, z: 1.192093E-07}
  m_LocalScale: {x: 0.9999998, y: 0.9999996, z: 1}
  m_Children: []
  m_Father: {fileID: 4668711296374952}
  m_RootOrder: 0
  m_LocalEulerAnglesHint: {x: -0.4372299, y: -6.962819, z: 32.62854}
--- !u!1 &1667911367765284
GameObject:
  serializedVersion: 5
  m_Component:
  - component: {fileID: 4618066923841504}
  m_Layer: 0
  m_Name: Puppet_Root
  m_TagString: Untagged
  m_Icon: {fileID: 0}
  m_NavMeshLayer: 0
  m_StaticEditorFlags: 0
  m_IsActive: 1
--- !u!4 &4618066923841504
Transform:
  m_GameObject: {fileID: 1667911367765284}
  m_LocalRotation: {x: -0.7071068, y: 0, z: 0, w: 0.7071068}
  m_LocalPosition: {x: 0, y: 0, z: 0}
  m_LocalScale: {x: 1, y: 1, z: 1}
  m_Children: []
  m_Father: {fileID: 4723019672318447}
  m_RootOrder: 1
  m_LocalEulerAnglesHint: {x: -90, y: 0, z: 0}
--- !u!1 &1537685853448822
GameObject:
  serializedVersion: 5
  m_Component:
  - component: {fileID: 4196405437565942}
  - component: {fileID: 137730038734631442}
  m_Layer: 0
  m_Name: Sandworm
  m_TagString: Untagged
  m_Icon: {fileID: 0}
  m_NavMeshLayer: 0
  m_StaticEditorFlags: 0
  m_IsActive: 1
--- !u!4 &4196405437565942
Transform:
  m_GameObject: {fileID: 1537685853448822}
  m_LocalRotation: {x: -0.7071068, y: 0, z: 0, w: 0.7071068}
  m_LocalPosition: {x: -0.01613008, y: 0.01437173, z: -0.08834344}
  m_LocalScale: {x: 1, y: 1, z: 1}
  m_Children: []
  m_Father: {fileID: 4723019672318447}
  m_RootOrder: 2
  m_LocalEulerAnglesHint: {x: -90, y: 0, z: 0}
--- !u!137 &137730038734631442
SkinnedMeshRenderer:
  m_GameObject: {fileID: 1537685853448822}
  m_Enabled: 1
  m_CastShadows: 1
  m_ReceiveShadows: 1
  m_DynamicOccludee: 1
  m_MotionVectors: 1
  m_LightProbeUsage: 0
  m_ReflectionProbeUsage: 1
  m_Materials:
  - {fileID: 2100000, guid: 91b336bbb74be6547950607a4179313c, type: 2}
  m_StaticBatchInfo:
    firstSubMesh: 0
    subMeshCount: 0
  m_StaticBatchRoot: {fileID: 0}
  m_ProbeAnchor: {fileID: 0}
  m_LightProbeVolumeOverride: {fileID: 0}
  m_ScaleInLightmap: 1
  m_PreserveUVs: 0
  m_IgnoreNormalsForChartDetection: 0
  m_ImportantGI: 0
  m_StitchLightmapSeams: 0
  m_SelectedEditorRenderState: 3
  m_MinimumChartSize: 4
  m_AutoUVMaxDistance: 0.5
  m_AutoUVMaxAngle: 89
  m_LightmapParameters: {fileID: 0}
  m_SortingLayerID: 0
  m_SortingLayer: 0
  m_SortingOrder: 0
  serializedVersion: 2
  m_Quality: 0
  m_UpdateWhenOffscreen: 0
  m_skinnedMotionVectors: 0
  m_Mesh: {fileID: 4300000, guid: 4a3088fa5d43a3c4eb284c0c93f5e772, type: 2}
  m_Bones:
  - {fileID: 4356470866752859}
  - {fileID: 4818443022070698}
  - {fileID: 4252599797561915}
  - {fileID: 4880127304407104}
  - {fileID: 4396951036086716}
  - {fileID: 4668711296374952}
  - {fileID: 4840745825323077}
  - {fileID: 4921482266828918}
  - {fileID: 4347433542980579}
  - {fileID: 4621630055580940}
  m_BlendShapeWeights: []
  m_RootBone: {fileID: 4921482266828918}
  m_AABB:
    m_Center: {x: -1.150633, y: -0.1137202, z: -0.08578372}
    m_Extent: {x: 1.257114, y: 1.39803, z: 1.303352}
  m_DirtyAABB: 0
--- !u!1 &1560891836822297
GameObject:
  serializedVersion: 5
  m_Component:
  - component: {fileID: 4404248016826730}
  - component: {fileID: 137313151829897177}
  m_Layer: 0
  m_Name: Sandworm_Outline
  m_TagString: Untagged
  m_Icon: {fileID: 0}
  m_NavMeshLayer: 0
  m_StaticEditorFlags: 0
  m_IsActive: 1
--- !u!4 &4404248016826730
Transform:
  m_GameObject: {fileID: 1560891836822297}
  m_LocalRotation: {x: -0.7071068, y: 0, z: 0, w: 0.7071068}
  m_LocalPosition: {x: -0.01613008, y: 0.01437173, z: -0.08834344}
  m_LocalScale: {x: 1, y: 1, z: 1}
  m_Children: []
  m_Father: {fileID: 4723019672318447}
  m_RootOrder: 3
  m_LocalEulerAnglesHint: {x: -90, y: 0, z: 0}
--- !u!137 &137313151829897177
SkinnedMeshRenderer:
  m_GameObject: {fileID: 1560891836822297}
  m_Enabled: 1
  m_CastShadows: 1
  m_ReceiveShadows: 1
  m_DynamicOccludee: 1
  m_MotionVectors: 1
  m_LightProbeUsage: 0
  m_ReflectionProbeUsage: 1
  m_Materials:
  - {fileID: 2100000, guid: 91b336bbb74be6547950607a4179313c, type: 2}
  m_StaticBatchInfo:
    firstSubMesh: 0
    subMeshCount: 0
  m_StaticBatchRoot: {fileID: 0}
  m_ProbeAnchor: {fileID: 0}
  m_LightProbeVolumeOverride: {fileID: 0}
  m_ScaleInLightmap: 1
  m_PreserveUVs: 0
  m_IgnoreNormalsForChartDetection: 0
  m_ImportantGI: 0
  m_StitchLightmapSeams: 0
  m_SelectedEditorRenderState: 3
  m_MinimumChartSize: 4
  m_AutoUVMaxDistance: 0.5
  m_AutoUVMaxAngle: 89
  m_LightmapParameters: {fileID: 0}
  m_SortingLayerID: 0
  m_SortingLayer: 0
  m_SortingOrder: 0
  serializedVersion: 2
  m_Quality: 0
  m_UpdateWhenOffscreen: 0
  m_skinnedMotionVectors: 0
  m_Mesh: {fileID: 4300000, guid: 048264665f578914085e3bf18fe403f7, type: 2}
  m_Bones:
  - {fileID: 4356470866752859}
  - {fileID: 4818443022070698}
  - {fileID: 4252599797561915}
  - {fileID: 4880127304407104}
  - {fileID: 4668711296374952}
  - {fileID: 4396951036086716}
  - {fileID: 4840745825323077}
  - {fileID: 4921482266828918}
  - {fileID: 4347433542980579}
  - {fileID: 4621630055580940}
  m_BlendShapeWeights: []
  m_RootBone: {fileID: 4921482266828918}
  m_AABB:
    m_Center: {x: -1.153543, y: -0.1142552, z: -0.08117557}
    m_Extent: {x: 1.278605, y: 1.41968, z: 1.325164}
  m_DirtyAABB: 0
