%YAML 1.1
%TAG !u! tag:unity3d.com,2011:
--- !u!1001 &100100000
Prefab:
  serializedVersion: 2
  m_Modification:
    m_TransformParent: {fileID: 0}
    m_Modifications: []
    m_RemovedComponents: []
  m_ParentPrefab: {fileID: 0}
  m_RootGameObject: {fileID: 1822050090667296}
  m_IsPrefabParent: 1
--- !u!1 &1822050090667296
GameObject:
  serializedVersion: 5
  m_Component:
  - component: {fileID: 4570081975189033}
  - component: {fileID: 111768954989540447}
  - component: {fileID: 114383894579130363}
  - component: {fileID: 82011678998618885}
  - component: {fileID: 114343068332160020}
  - component: {fileID: 114806252011476461}
  m_Layer: 0
  m_Name: SandShark
  m_TagString: Untagged
  m_Icon: {fileID: 0}
  m_NavMeshLayer: 0
  m_StaticEditorFlags: 0
  m_IsActive: 1
--- !u!4 &4570081975189033
Transform:
  m_GameObject: {fileID: 1822050090667296}
  m_LocalRotation: {x: 0, y: 0, z: 0, w: 1}
  m_LocalPosition: {x: 0, y: 0, z: 0}
  m_LocalScale: {x: 1, y: 1, z: 1}
  m_Children:
  - {fileID: 4311380534138609}
  - {fileID: 4098523869639190}
  - {fileID: 4926179290234600}
  - {fileID: 4778616277474491}
  m_Father: {fileID: 0}
  m_RootOrder: 0
  m_LocalEulerAnglesHint: {x: 0, y: 0, z: 0}
--- !u!111 &111768954989540447
Animation:
  m_GameObject: {fileID: 1822050090667296}
  m_Enabled: 1
  serializedVersion: 3
  m_Animation: {fileID: 0}
  m_Animations:
  - {fileID: 7400000, guid: 2b8104a868498f847b5b9b6cc35ca706, type: 2}
  - {fileID: 7400000, guid: 4dc422735b3d6fd40a11847855314e8e, type: 2}
  - {fileID: 7400000, guid: 316eb1bea4764dd468c42b22089931c9, type: 2}
  - {fileID: 7400000, guid: e84bef836c2ecd54da4577a9ef1eaf8f, type: 2}
  - {fileID: 7400000, guid: 2e0c4e004a66bb84aaee5942cf107dc0, type: 2}
  - {fileID: 7400000, guid: 9a239176375c85f40a4f4f846f435f4c, type: 2}
  - {fileID: 7400000, guid: d57db057cb8641d42a36f78cfdbc042b, type: 2}
  - {fileID: 7400000, guid: 11cc4faff5e3e1c4ebc0e5ebf0cff9ed, type: 2}
  m_WrapMode: 0
  m_PlayAutomatically: 0
  m_AnimatePhysics: 0
  m_CullingType: 1
--- !u!114 &114383894579130363
MonoBehaviour:
  m_GameObject: {fileID: 1822050090667296}
  m_Enabled: 1
  m_EditorHideFlags: 0
  m_Script: {fileID: 11500000, guid: 203ebd45b8aad6940846389310fb33f6, type: 3}
  m_Name:
  m_EditorClassIdentifier:
  SpawnEffect: {fileID: 0}
  SpawnAudio: {fileID: 8300000, guid: e1f86b57d6e8e2d4b8d59ba8bf108c8e, type: 3}
  SpawnAudioDelaySecs: 0
  Intro: SandShark_Intro
  Idle: SandShark_Idle
  IntroLength: 1.866667
  hpBar: {fileID: 0}
--- !u!82 &82011678998618885
AudioSource:
  m_GameObject: {fileID: 1822050090667296}
  m_Enabled: 1
  serializedVersion: 4
  OutputAudioMixerGroup: {fileID: 0}
  m_audioClip: {fileID: 0}
  m_PlayOnAwake: 0
  m_Volume: 1
  m_Pitch: 1
  Loop: 0
  Mute: 0
  Spatialize: 0
  SpatializePostEffects: 0
  Priority: 128
  DopplerLevel: 1
  MinDistance: 1
  MaxDistance: 500
  Pan2D: 0
  rolloffMode: 2
  BypassEffects: 0
  BypassListenerEffects: 0
  BypassReverbZones: 0
  rolloffCustomCurve:
    serializedVersion: 2
    m_Curve:
    - serializedVersion: 2
      time: 0
      value: 1
      inSlope: 0
      outSlope: 0
      tangentMode: 0
    - serializedVersion: 2
      time: 1
      value: 1
      inSlope: 0
      outSlope: 0
      tangentMode: 0
    m_PreInfinity: 2
    m_PostInfinity: 2
    m_RotationOrder: 0
  panLevelCustomCurve:
    serializedVersion: 2
    m_Curve:
    - serializedVersion: 2
      time: 0
      value: 0
      inSlope: 0
      outSlope: 0
      tangentMode: 0
    m_PreInfinity: 2
    m_PostInfinity: 2
    m_RotationOrder: 0
  spreadCustomCurve:
    serializedVersion: 2
    m_Curve:
    - serializedVersion: 2
      time: 0
      value: 0
      inSlope: 0
      outSlope: 0
      tangentMode: 0
    m_PreInfinity: 2
    m_PostInfinity: 2
    m_RotationOrder: 0
  reverbZoneMixCustomCurve:
    serializedVersion: 2
    m_Curve:
    - serializedVersion: 2
      time: 0
      value: 1
      inSlope: 0
      outSlope: 0
      tangentMode: 0
    m_PreInfinity: 2
    m_PostInfinity: 2
    m_RotationOrder: 0
--- !u!114 &114343068332160020
MonoBehaviour:
  m_GameObject: {fileID: 1822050090667296}
  m_Enabled: 1
  m_EditorHideFlags: 0
  m_Script: {fileID: 11500000, guid: 816f303b97b032a4d9e1a96b34158d44, type: 3}
  m_Name:
  m_EditorClassIdentifier:
  Tombstone: {fileID: 0}
  Timer: 0
  Idle:
  RemoveTombstone: 0
  DamageDealt: 0
  Flooped: 0
  Crash: 0
--- !u!114 &114806252011476461
MonoBehaviour:
  m_GameObject: {fileID: 1822050090667296}
  m_Enabled: 1
  m_EditorHideFlags: 0
  m_Script: {fileID: 11500000, guid: 9390b1f887e33a34caef2ef05f3f87a5, type: 3}
  m_Name:
  m_EditorClassIdentifier:
  animTarget: {fileID: 0}
  animName:
--- !u!1 &1583463657445070
GameObject:
  serializedVersion: 5
  m_Component:
  - component: {fileID: 4311380534138609}
  m_Layer: 0
  m_Name: Puppet_Base
  m_TagString: Untagged
  m_Icon: {fileID: 0}
  m_NavMeshLayer: 0
  m_StaticEditorFlags: 0
  m_IsActive: 1
--- !u!4 &4311380534138609
Transform:
  m_GameObject: {fileID: 1583463657445070}
  m_LocalRotation: {x: 0.5000001, y: -0.5000001, z: -0.4999999, w: 0.4999999}
  m_LocalPosition: {x: 0, y: -0.0133996, z: 6.993821E-08}
  m_LocalScale: {x: 1, y: 1, z: 1}
  m_Children:
  - {fileID: 4550048843092100}
  - {fileID: 4274233081662834}
  m_Father: {fileID: 4570081975189033}
  m_RootOrder: 0
  m_LocalEulerAnglesHint: {x: 90.00002, y: 0, z: 90}
--- !u!1 &1471118707707957
GameObject:
  serializedVersion: 5
  m_Component:
  - component: {fileID: 4550048843092100}
  m_Layer: 0
  m_Name: Puppet_Mid
  m_TagString: Untagged
  m_Icon: {fileID: 0}
  m_NavMeshLayer: 0
  m_StaticEditorFlags: 0
  m_IsActive: 1
--- !u!4 &4550048843092100
Transform:
  m_GameObject: {fileID: 1471118707707957}
  m_LocalRotation: {x: -8.61486E-08, y: 4.055716E-08, z: 0.1701091, w: 0.9854252}
  m_LocalPosition: {x: -0.8768263, y: 1.33103E-08, z: -3.765279E-14}
  m_LocalScale: {x: 0.9999998, y: 0.9999998, z: 1}
  m_Children:
  - {fileID: 4498659322118485}
  - {fileID: 4621348223742560}
  - {fileID: 4169955125113105}
  m_Father: {fileID: 4311380534138609}
  m_RootOrder: 0
  m_LocalEulerAnglesHint: {x: -8.937439E-06, y: -6.259073E-06, z: -19.58832}
--- !u!1 &1590945185054943
GameObject:
  serializedVersion: 5
  m_Component:
  - component: {fileID: 4498659322118485}
  m_Layer: 0
  m_Name: Puppet_Fin_L
  m_TagString: Untagged
  m_Icon: {fileID: 0}
  m_NavMeshLayer: 0
  m_StaticEditorFlags: 0
  m_IsActive: 1
--- !u!4 &4498659322118485
Transform:
  m_GameObject: {fileID: 1590945185054943}
  m_LocalRotation: {x: -0.3553529, y: 0.3056641, z: 0.6696807, w: 0.5760397}
  m_LocalPosition: {x: -0.7816955, y: -0.2197432, z: 0.5084177}
  m_LocalScale: {x: 1, y: 1.000001, z: 1}
  m_Children: []
  m_Father: {fileID: 4550048843092100}
  m_RootOrder: 0
  m_LocalEulerAnglesHint: {x: -4.751636E-06, y: -55.90356, z: -98.59769}
--- !u!1 &1145892389126103
GameObject:
  serializedVersion: 5
  m_Component:
  - component: {fileID: 4621348223742560}
  m_Layer: 0
  m_Name: Puppet_Fin_R
  m_TagString: Untagged
  m_Icon: {fileID: 0}
  m_NavMeshLayer: 0
  m_StaticEditorFlags: 0
  m_IsActive: 1
--- !u!4 &4621348223742560
Transform:
  m_GameObject: {fileID: 1145892389126103}
  m_LocalRotation: {x: 0.3553529, y: -0.3056642, z: 0.6696807, w: 0.5760395}
  m_LocalPosition: {x: -0.7816957, y: -0.2197431, z: -0.5084177}
  m_LocalScale: {x: 1, y: 1, z: 1}
  m_Children: []
  m_Father: {fileID: 4550048843092100}
  m_RootOrder: 1
  m_LocalEulerAnglesHint: {x: -1.696705E-05, y: 55.90357, z: -98.59772}
--- !u!1 &1165796584673928
GameObject:
  serializedVersion: 5
  m_Component:
  - component: {fileID: 4169955125113105}
  m_Layer: 0
  m_Name: Puppet_Top
  m_TagString: Untagged
  m_Icon: {fileID: 0}
  m_NavMeshLayer: 0
  m_StaticEditorFlags: 0
  m_IsActive: 1
--- !u!4 &4169955125113105
Transform:
  m_GameObject: {fileID: 1165796584673928}
  m_LocalRotation: {x: -5.759102E-07, y: 8.595315E-08, z: -0.1969506, w: 0.9804134}
  m_LocalPosition: {x: -1.188528, y: 2.980232E-08, z: -3.552714E-15}
  m_LocalScale: {x: 1, y: 1, z: 1}
  m_Children: []
  m_Father: {fileID: 4550048843092100}
  m_RootOrder: 2
  m_LocalEulerAnglesHint: {x: -6.664171E-05, y: 3.341058E-06, z: 22.71739}
--- !u!1 &1680757439472055
GameObject:
  serializedVersion: 5
  m_Component:
  - component: {fileID: 4274233081662834}
  m_Layer: 0
  m_Name: Puppet_Tail
  m_TagString: Untagged
  m_Icon: {fileID: 0}
  m_NavMeshLayer: 0
  m_StaticEditorFlags: 0
  m_IsActive: 1
--- !u!4 &4274233081662834
Transform:
  m_GameObject: {fileID: 1680757439472055}
  m_LocalRotation: {x: -1.061667E-07, y: 4.623445E-08, z: 0.3646373, w: 0.9311497}
  m_LocalPosition: {x: -0.1245081, y: -0.3700231, z: 1.205689E-07}
  m_LocalScale: {x: 0.9999999, y: 0.9999999, z: 1}
  m_Children: []
  m_Father: {fileID: 4311380534138609}
  m_RootOrder: 1
  m_LocalEulerAnglesHint: {x: -9.396311E-06, y: -9.369411E-06, z: -42.77052}
--- !u!1 &1754173718411594
GameObject:
  serializedVersion: 5
  m_Component:
  - component: {fileID: 4098523869639190}
  m_Layer: 0
  m_Name: Puppet_Root
  m_TagString: Untagged
  m_Icon: {fileID: 0}
  m_NavMeshLayer: 0
  m_StaticEditorFlags: 0
  m_IsActive: 1
--- !u!4 &4098523869639190
Transform:
  m_GameObject: {fileID: 1754173718411594}
  m_LocalRotation: {x: -0.7071068, y: 0, z: 0, w: 0.7071068}
  m_LocalPosition: {x: 0, y: 0, z: 0}
  m_LocalScale: {x: 1, y: 1, z: 1}
  m_Children: []
  m_Father: {fileID: 4570081975189033}
  m_RootOrder: 1
  m_LocalEulerAnglesHint: {x: -90, y: 0, z: 0}
--- !u!1 &1313922996925626
GameObject:
  serializedVersion: 5
  m_Component:
  - component: {fileID: 4926179290234600}
  - component: {fileID: 137101160851951586}
  m_Layer: 0
  m_Name: SandShark
  m_TagString: Untagged
  m_Icon: {fileID: 0}
  m_NavMeshLayer: 0
  m_StaticEditorFlags: 0
  m_IsActive: 1
--- !u!4 &4926179290234600
Transform:
  m_GameObject: {fileID: 1313922996925626}
  m_LocalRotation: {x: -0.7071068, y: 0, z: 0, w: 0.7071068}
  m_LocalPosition: {x: 0, y: 0, z: 0.01914934}
  m_LocalScale: {x: 1, y: 1, z: 1}
  m_Children: []
  m_Father: {fileID: 4570081975189033}
  m_RootOrder: 2
  m_LocalEulerAnglesHint: {x: -90, y: 0, z: 0}
--- !u!137 &137101160851951586
SkinnedMeshRenderer:
  m_GameObject: {fileID: 1313922996925626}
  m_Enabled: 1
  m_CastShadows: 1
  m_ReceiveShadows: 1
  m_DynamicOccludee: 1
  m_MotionVectors: 1
  m_LightProbeUsage: 0
  m_ReflectionProbeUsage: 1
  m_Materials:
  - {fileID: 2100000, guid: e17ad49c3bffa42428187506dc839226, type: 2}
  m_StaticBatchInfo:
    firstSubMesh: 0
    subMeshCount: 0
  m_StaticBatchRoot: {fileID: 0}
  m_ProbeAnchor: {fileID: 0}
  m_LightProbeVolumeOverride: {fileID: 0}
  m_ScaleInLightmap: 1
  m_PreserveUVs: 0
  m_IgnoreNormalsForChartDetection: 0
  m_ImportantGI: 0
  m_StitchLightmapSeams: 0
  m_SelectedEditorRenderState: 3
  m_MinimumChartSize: 4
  m_AutoUVMaxDistance: 0.5
  m_AutoUVMaxAngle: 89
  m_LightmapParameters: {fileID: 0}
  m_SortingLayerID: 0
  m_SortingLayer: 0
  m_SortingOrder: 0
  serializedVersion: 2
  m_Quality: 0
  m_UpdateWhenOffscreen: 0
  m_skinnedMotionVectors: 0
  m_Mesh: {fileID: 4300000, guid: b4916718ce3823842af23f9e544d6ca0, type: 2}
  m_Bones:
  - {fileID: 4169955125113105}
  - {fileID: 4550048843092100}
  - {fileID: 4311380534138609}
  - {fileID: 4274233081662834}
  - {fileID: 4621348223742560}
  - {fileID: 4498659322118485}
  m_BlendShapeWeights: []
  m_RootBone: {fileID: 4311380534138609}
  m_AABB:
    m_Center: {x: -1.704691, y: -0.1304157, z: 0}
    m_Extent: {x: 1.753855, y: 1.722771, z: 1.040075}
  m_DirtyAABB: 0
--- !u!1 &1897005023399234
GameObject:
  serializedVersion: 5
  m_Component:
  - component: {fileID: 4778616277474491}
  - component: {fileID: 137209751008486799}
  m_Layer: 0
  m_Name: SandShark_Outline
  m_TagString: Untagged
  m_Icon: {fileID: 0}
  m_NavMeshLayer: 0
  m_StaticEditorFlags: 0
  m_IsActive: 1
--- !u!4 &4778616277474491
Transform:
  m_GameObject: {fileID: 1897005023399234}
  m_LocalRotation: {x: -0.7071068, y: 0, z: 0, w: 0.7071068}
  m_LocalPosition: {x: 0, y: 0, z: 0.01914934}
  m_LocalScale: {x: 1, y: 1, z: 1}
  m_Children: []
  m_Father: {fileID: 4570081975189033}
  m_RootOrder: 3
  m_LocalEulerAnglesHint: {x: -90, y: 0, z: 0}
--- !u!137 &137209751008486799
SkinnedMeshRenderer:
  m_GameObject: {fileID: 1897005023399234}
  m_Enabled: 1
  m_CastShadows: 1
  m_ReceiveShadows: 1
  m_DynamicOccludee: 1
  m_MotionVectors: 1
  m_LightProbeUsage: 0
  m_ReflectionProbeUsage: 1
  m_Materials:
  - {fileID: 2100000, guid: e17ad49c3bffa42428187506dc839226, type: 2}
  m_StaticBatchInfo:
    firstSubMesh: 0
    subMeshCount: 0
  m_StaticBatchRoot: {fileID: 0}
  m_ProbeAnchor: {fileID: 0}
  m_LightProbeVolumeOverride: {fileID: 0}
  m_ScaleInLightmap: 1
  m_PreserveUVs: 0
  m_IgnoreNormalsForChartDetection: 0
  m_ImportantGI: 0
  m_StitchLightmapSeams: 0
  m_SelectedEditorRenderState: 3
  m_MinimumChartSize: 4
  m_AutoUVMaxDistance: 0.5
  m_AutoUVMaxAngle: 89
  m_LightmapParameters: {fileID: 0}
  m_SortingLayerID: 0
  m_SortingLayer: 0
  m_SortingOrder: 0
  serializedVersion: 2
  m_Quality: 0
  m_UpdateWhenOffscreen: 0
  m_skinnedMotionVectors: 0
  m_Mesh: {fileID: 4300000, guid: 3a2a77be120774e489ae51a5d7b3a036, type: 2}
  m_Bones:
  - {fileID: 4169955125113105}
  - {fileID: 4550048843092100}
  - {fileID: 4311380534138609}
  - {fileID: 4274233081662834}
  - {fileID: 4621348223742560}
  - {fileID: 4498659322118485}
  m_BlendShapeWeights: []
  m_RootBone: {fileID: 4311380534138609}
  m_AABB:
    m_Center: {x: -1.70347, y: -0.1303309, z: 0}
    m_Extent: {x: 1.775968, y: 1.743634, z: 1.067194}
  m_DirtyAABB: 0
