%YAML 1.1
%TAG !u! tag:unity3d.com,2011:
--- !u!1001 &100100000
Prefab:
  serializedVersion: 2
  m_Modification:
    m_TransformParent: {fileID: 0}
    m_Modifications: []
    m_RemovedComponents: []
  m_ParentPrefab: {fileID: 0}
  m_RootGameObject: {fileID: 1493213171207957}
  m_IsPrefabParent: 1
--- !u!1 &1493213171207957
GameObject:
  serializedVersion: 5
  m_Component:
  - component: {fileID: 4181294764512635}
  - component: {fileID: 111916055431562638}
  - component: {fileID: 114790148053970520}
  - component: {fileID: 82208878545460196}
  - component: {fileID: 114363689773510121}
  - component: {fileID: 114993691287454891}
  m_Layer: 0
  m_Name: SkeletalHand
  m_TagString: Untagged
  m_Icon: {fileID: 0}
  m_NavMeshLayer: 0
  m_StaticEditorFlags: 0
  m_IsActive: 1
--- !u!4 &4181294764512635
Transform:
  m_GameObject: {fileID: 1493213171207957}
  m_LocalRotation: {x: 0, y: 0, z: 0, w: 1}
  m_LocalPosition: {x: 0, y: 0, z: 0}
  m_LocalScale: {x: 1, y: 1, z: 1}
  m_Children:
  - {fileID: 4753359915063764}
  - {fileID: 4827190605647660}
  - {fileID: 4274183838634293}
  - {fileID: 4677249353223568}
  - {fileID: 4905866209719356}
  - {fileID: 4760875128592981}
  m_Father: {fileID: 0}
  m_RootOrder: 0
  m_LocalEulerAnglesHint: {x: 0, y: 0, z: 0}
--- !u!111 &111916055431562638
Animation:
  m_GameObject: {fileID: 1493213171207957}
  m_Enabled: 1
  serializedVersion: 3
  m_Animation: {fileID: 0}
  m_Animations:
  - {fileID: 7400000, guid: 4eca7c00441f7f2438ad10e3e29258a0, type: 2}
  - {fileID: 7400000, guid: 9bb2f2f1159ddfd45bbf2799e2570808, type: 2}
  - {fileID: 7400000, guid: e84bef836c2ecd54da4577a9ef1eaf8f, type: 2}
  - {fileID: 7400000, guid: 316eb1bea4764dd468c42b22089931c9, type: 2}
  - {fileID: 7400000, guid: d57db057cb8641d42a36f78cfdbc042b, type: 2}
  - {fileID: 7400000, guid: 2e0c4e004a66bb84aaee5942cf107dc0, type: 2}
  - {fileID: 7400000, guid: 9a239176375c85f40a4f4f846f435f4c, type: 2}
  - {fileID: 7400000, guid: 11cc4faff5e3e1c4ebc0e5ebf0cff9ed, type: 2}
  m_WrapMode: 0
  m_PlayAutomatically: 1
  m_AnimatePhysics: 0
  m_CullingType: 1
--- !u!114 &114790148053970520
MonoBehaviour:
  m_GameObject: {fileID: 1493213171207957}
  m_Enabled: 1
  m_EditorHideFlags: 0
  m_Script: {fileID: 11500000, guid: 203ebd45b8aad6940846389310fb33f6, type: 3}
  m_Name:
  m_EditorClassIdentifier:
  SpawnEffect: {fileID: 0}
  SpawnAudio: {fileID: 8300000, guid: 646ac04f0ec3a8741b4696fb32d8657e, type: 3}
  SpawnAudioDelaySecs: 0
  Intro: Skeletal_Intro
  Idle: Skeletal_Idle
  IntroLength: 1.666667
  hpBar: {fileID: 0}
--- !u!82 &82208878545460196
AudioSource:
  m_GameObject: {fileID: 1493213171207957}
  m_Enabled: 1
  serializedVersion: 4
  OutputAudioMixerGroup: {fileID: 0}
  m_audioClip: {fileID: 0}
  m_PlayOnAwake: 0
  m_Volume: 1
  m_Pitch: 1
  Loop: 0
  Mute: 0
  Spatialize: 0
  SpatializePostEffects: 0
  Priority: 128
  DopplerLevel: 1
  MinDistance: 1
  MaxDistance: 500
  Pan2D: 0
  rolloffMode: 2
  BypassEffects: 0
  BypassListenerEffects: 0
  BypassReverbZones: 0
  rolloffCustomCurve:
    serializedVersion: 2
    m_Curve:
    - serializedVersion: 2
      time: 0
      value: 1
      inSlope: 0
      outSlope: 0
      tangentMode: 0
    - serializedVersion: 2
      time: 1
      value: 1
      inSlope: 0
      outSlope: 0
      tangentMode: 0
    m_PreInfinity: 2
    m_PostInfinity: 2
    m_RotationOrder: 0
  panLevelCustomCurve:
    serializedVersion: 2
    m_Curve:
    - serializedVersion: 2
      time: 0
      value: 0
      inSlope: 0
      outSlope: 0
      tangentMode: 0
    m_PreInfinity: 2
    m_PostInfinity: 2
    m_RotationOrder: 0
  spreadCustomCurve:
    serializedVersion: 2
    m_Curve:
    - serializedVersion: 2
      time: 0
      value: 0
      inSlope: 0
      outSlope: 0
      tangentMode: 0
    m_PreInfinity: 2
    m_PostInfinity: 2
    m_RotationOrder: 0
  reverbZoneMixCustomCurve:
    serializedVersion: 2
    m_Curve:
    - serializedVersion: 2
      time: 0
      value: 1
      inSlope: 0
      outSlope: 0
      tangentMode: 0
    m_PreInfinity: 2
    m_PostInfinity: 2
    m_RotationOrder: 0
--- !u!114 &114363689773510121
MonoBehaviour:
  m_GameObject: {fileID: 1493213171207957}
  m_Enabled: 1
  m_EditorHideFlags: 0
  m_Script: {fileID: 11500000, guid: 816f303b97b032a4d9e1a96b34158d44, type: 3}
  m_Name:
  m_EditorClassIdentifier:
  Tombstone: {fileID: 0}
  Timer: 0
  Idle:
  RemoveTombstone: 0
  DamageDealt: 0
  Flooped: 0
  Crash: 0
--- !u!114 &114993691287454891
MonoBehaviour:
  m_GameObject: {fileID: 1493213171207957}
  m_Enabled: 1
  m_EditorHideFlags: 0
  m_Script: {fileID: 11500000, guid: 9390b1f887e33a34caef2ef05f3f87a5, type: 3}
  m_Name:
  m_EditorClassIdentifier:
  animTarget: {fileID: 0}
  animName:
--- !u!1 &1866731015783810
GameObject:
  serializedVersion: 5
  m_Component:
  - component: {fileID: 4753359915063764}
  m_Layer: 0
  m_Name: Puppet_Global
  m_TagString: Untagged
  m_Icon: {fileID: 0}
  m_NavMeshLayer: 0
  m_StaticEditorFlags: 0
  m_IsActive: 1
--- !u!4 &4753359915063764
Transform:
  m_GameObject: {fileID: 1866731015783810}
  m_LocalRotation: {x: 3.687851E-08, y: -3.687851E-08, z: -0.7071068, w: 0.7071068}
  m_LocalPosition: {x: -0.01063118, y: 0, z: 0}
  m_LocalScale: {x: 1, y: 1, z: 1}
  m_Children:
  - {fileID: 4676854890896019}
  - {fileID: 4273440328959660}
  m_Father: {fileID: 4181294764512635}
  m_RootOrder: 0
  m_LocalEulerAnglesHint: {x: 5.976419E-06, y: 3.791517E-22, z: 90}
--- !u!1 &1327403000900459
GameObject:
  serializedVersion: 5
  m_Component:
  - component: {fileID: 4676854890896019}
  m_Layer: 0
  m_Name: Puppet_FireOutline
  m_TagString: Untagged
  m_Icon: {fileID: 0}
  m_NavMeshLayer: 0
  m_StaticEditorFlags: 0
  m_IsActive: 1
--- !u!4 &4676854890896019
Transform:
  m_GameObject: {fileID: 1327403000900459}
  m_LocalRotation: {x: -0.7071066, y: -3.090867E-08, z: -3.090863E-08, w: 0.707107}
  m_LocalPosition: {x: 2.699918E-21, y: -2.724119E-08, z: 2.831069E-15}
  m_LocalScale: {x: 1, y: 1, z: 1}
  m_Children: []
  m_Father: {fileID: 4753359915063764}
  m_RootOrder: 0
  m_LocalEulerAnglesHint: {x: -89.99997, y: 5.008961E-06, z: -2.18778E-12}
--- !u!1 &1914882216279990
GameObject:
  serializedVersion: 5
  m_Component:
  - component: {fileID: 4273440328959660}
  m_Layer: 0
  m_Name: Puppet_Forearm
  m_TagString: Untagged
  m_Icon: {fileID: 0}
  m_NavMeshLayer: 0
  m_StaticEditorFlags: 0
  m_IsActive: 1
--- !u!4 &4273440328959660
Transform:
  m_GameObject: {fileID: 1914882216279990}
  m_LocalRotation: {x: 0.7071069, y: 2.647778E-07, z: -2.647779E-07, w: 0.7071067}
  m_LocalPosition: {x: -3.474423E-07, y: 0.1352201, z: -0.3818203}
  m_LocalScale: {x: 0.9999999, y: 0.9999999, z: 1}
  m_Children:
  - {fileID: 4801954623904587}
  m_Father: {fileID: 4753359915063764}
  m_RootOrder: 1
  m_LocalEulerAnglesHint: {x: 90.00002, y: -4.290909E-05, z: 6.089389E-12}
--- !u!1 &1431624406355413
GameObject:
  serializedVersion: 5
  m_Component:
  - component: {fileID: 4801954623904587}
  m_Layer: 0
  m_Name: Puppet_Hand
  m_TagString: Untagged
  m_Icon: {fileID: 0}
  m_NavMeshLayer: 0
  m_StaticEditorFlags: 0
  m_IsActive: 1
--- !u!4 &4801954623904587
Transform:
  m_GameObject: {fileID: 1431624406355413}
  m_LocalRotation: {x: -1.001078E-07, y: -0.05202192, z: 1.467848E-08, w: 0.998646}
  m_LocalPosition: {x: -2.144827, y: 3.576279E-07, z: -0.0235069}
  m_LocalScale: {x: 1, y: 1, z: 0.9999999}
  m_Children:
  - {fileID: 4575708973254372}
  - {fileID: 4212793703372305}
  - {fileID: 4714459736594445}
  - {fileID: 4208222916112477}
  m_Father: {fileID: 4273440328959660}
  m_RootOrder: 0
  m_LocalEulerAnglesHint: {x: -1.16063E-05, y: 5.963965, z: -2.288911E-06}
--- !u!1 &1640013692904742
GameObject:
  serializedVersion: 5
  m_Component:
  - component: {fileID: 4575708973254372}
  m_Layer: 0
  m_Name: Puppet_FingerA01
  m_TagString: Untagged
  m_Icon: {fileID: 0}
  m_NavMeshLayer: 0
  m_StaticEditorFlags: 0
  m_IsActive: 1
--- !u!4 &4575708973254372
Transform:
  m_GameObject: {fileID: 1640013692904742}
  m_LocalRotation: {x: -0.003731763, y: 0.04908462, z: 0.0007493029, w: 0.9987874}
  m_LocalPosition: {x: -1.701725, y: -0.0003296435, z: 0.208628}
  m_LocalScale: {x: 0.9999996, y: 0.9999998, z: 1}
  m_Children:
  - {fileID: 4433491843409428}
  m_Father: {fileID: 4801954623904587}
  m_RootOrder: 0
  m_LocalEulerAnglesHint: {x: -0.4249471, y: -5.627225, z: -0.06508333}
--- !u!1 &1305976539682451
GameObject:
  serializedVersion: 5
  m_Component:
  - component: {fileID: 4433491843409428}
  m_Layer: 0
  m_Name: Puppet_FingerA02
  m_TagString: Untagged
  m_Icon: {fileID: 0}
  m_NavMeshLayer: 0
  m_StaticEditorFlags: 0
  m_IsActive: 1
--- !u!4 &4433491843409428
Transform:
  m_GameObject: {fileID: 1305976539682451}
  m_LocalRotation: {x: -7.238214E-08, y: 4.190951E-08, z: -3.88245E-08, w: 1}
  m_LocalPosition: {x: -0.9413105, y: 4.470348E-08, z: 1.452863E-07}
  m_LocalScale: {x: 1, y: 0.9999999, z: 1}
  m_Children:
  - {fileID: 4055336586373917}
  m_Father: {fileID: 4575708973254372}
  m_RootOrder: 0
  m_LocalEulerAnglesHint: {x: -8.294382E-06, y: -4.802476E-06, z: 4.44896E-06}
--- !u!1 &1586721192479264
GameObject:
  serializedVersion: 5
  m_Component:
  - component: {fileID: 4055336586373917}
  m_Layer: 0
  m_Name: Puppet_FingerA03
  m_TagString: Untagged
  m_Icon: {fileID: 0}
  m_NavMeshLayer: 0
  m_StaticEditorFlags: 0
  m_IsActive: 1
--- !u!4 &4055336586373917
Transform:
  m_GameObject: {fileID: 1586721192479264}
  m_LocalRotation: {x: -5.707132E-07, y: 9.313234E-10, z: -1.396983E-09, w: 1}
  m_LocalPosition: {x: -0.7147665, y: 4.470348E-08, z: -1.117587E-08}
  m_LocalScale: {x: 1, y: 0.9999999, z: 1}
  m_Children: []
  m_Father: {fileID: 4433491843409428}
  m_RootOrder: 0
  m_LocalEulerAnglesHint: {x: -6.539892E-05, y: -1.067217E-07, z: 1.600825E-07}
--- !u!1 &1682421409793839
GameObject:
  serializedVersion: 5
  m_Component:
  - component: {fileID: 4212793703372305}
  m_Layer: 0
  m_Name: Puppet_FingerB01
  m_TagString: Untagged
  m_Icon: {fileID: 0}
  m_NavMeshLayer: 0
  m_StaticEditorFlags: 0
  m_IsActive: 1
--- !u!4 &4212793703372305
Transform:
  m_GameObject: {fileID: 1682421409793839}
  m_LocalRotation: {x: 0.0002894349, y: 0.005268676, z: -0.01057585, w: 0.9999301}
  m_LocalPosition: {x: -1.671588, y: -0.008280024, z: -0.1817361}
  m_LocalScale: {x: 0.9999998, y: 0.9999998, z: 1}
  m_Children:
  - {fileID: 4222991800767430}
  m_Father: {fileID: 4801954623904587}
  m_RootOrder: 1
  m_LocalEulerAnglesHint: {x: 0.02678084, y: -0.6040655, z: 1.211802}
--- !u!1 &1478017866554207
GameObject:
  serializedVersion: 5
  m_Component:
  - component: {fileID: 4222991800767430}
  m_Layer: 0
  m_Name: Puppet_FingerB02
  m_TagString: Untagged
  m_Icon: {fileID: 0}
  m_NavMeshLayer: 0
  m_StaticEditorFlags: 0
  m_IsActive: 1
--- !u!4 &4222991800767430
Transform:
  m_GameObject: {fileID: 1478017866554207}
  m_LocalRotation: {x: 0.0003015779, y: 1.640543E-05, z: 0.006530905, w: 0.9999787}
  m_LocalPosition: {x: -0.913295, y: 4.470348E-08, z: 6.705523E-08}
  m_LocalScale: {x: 1, y: 1, z: 1}
  m_Children:
  - {fileID: 4416086145367519}
  m_Father: {fileID: 4212793703372305}
  m_RootOrder: 0
  m_LocalEulerAnglesHint: {x: 0.03456982, y: -0.001654186, z: -0.7483924}
--- !u!1 &1080555630485622
GameObject:
  serializedVersion: 5
  m_Component:
  - component: {fileID: 4416086145367519}
  m_Layer: 0
  m_Name: Puppet_FingerB03
  m_TagString: Untagged
  m_Icon: {fileID: 0}
  m_NavMeshLayer: 0
  m_StaticEditorFlags: 0
  m_IsActive: 1
--- !u!4 &4416086145367519
Transform:
  m_GameObject: {fileID: 1080555630485622}
  m_LocalRotation: {x: -1.403678E-07, y: -7.450582E-09, z: -9.313239E-10, w: 1}
  m_LocalPosition: {x: -0.7166941, y: 4.470348E-08, z: 0}
  m_LocalScale: {x: 0.9999997, y: 0.9999999, z: 1}
  m_Children: []
  m_Father: {fileID: 4222991800767430}
  m_RootOrder: 0
  m_LocalEulerAnglesHint: {x: -1.608496E-05, y: 8.537739E-07, z: 1.067217E-07}
--- !u!1 &1475080750994876
GameObject:
  serializedVersion: 5
  m_Component:
  - component: {fileID: 4714459736594445}
  m_Layer: 0
  m_Name: Puppet_FingerC01
  m_TagString: Untagged
  m_Icon: {fileID: 0}
  m_NavMeshLayer: 0
  m_StaticEditorFlags: 0
  m_IsActive: 1
--- !u!4 &4714459736594445
Transform:
  m_GameObject: {fileID: 1475080750994876}
  m_LocalRotation: {x: 0.003925656, y: -0.07336906, z: 0.001007344, w: 0.9972966}
  m_LocalPosition: {x: -1.60218, y: -0.006905928, z: -0.5915405}
  m_LocalScale: {x: 1, y: 0.9999998, z: 1}
  m_Children:
  - {fileID: 4386189653511970}
  m_Father: {fileID: 4801954623904587}
  m_RootOrder: 2
  m_LocalEulerAnglesHint: {x: 0.444957, y: 8.415423, z: -0.08301006}
--- !u!1 &1045809223232987
GameObject:
  serializedVersion: 5
  m_Component:
  - component: {fileID: 4386189653511970}
  m_Layer: 0
  m_Name: Puppet_FingerC02
  m_TagString: Untagged
  m_Icon: {fileID: 0}
  m_NavMeshLayer: 0
  m_StaticEditorFlags: 0
  m_IsActive: 1
--- !u!4 &4386189653511970
Transform:
  m_GameObject: {fileID: 1045809223232987}
  m_LocalRotation: {x: -1.876615E-07, y: 5.215408E-08, z: -1.316657E-07, w: 1}
  m_LocalPosition: {x: -0.9278423, y: 8.940697E-08, z: 8.940697E-08}
  m_LocalScale: {x: 1, y: 1, z: 0.9999996}
  m_Children:
  - {fileID: 4915811639808622}
  m_Father: {fileID: 4714459736594445}
  m_RootOrder: 0
  m_LocalEulerAnglesHint: {x: -2.150442E-05, y: -5.976415E-06, z: 1.508778E-05}
--- !u!1 &1455616467526319
GameObject:
  serializedVersion: 5
  m_Component:
  - component: {fileID: 4915811639808622}
  m_Layer: 0
  m_Name: Puppet_FingerC03
  m_TagString: Untagged
  m_Icon: {fileID: 0}
  m_NavMeshLayer: 0
  m_StaticEditorFlags: 0
  m_IsActive: 1
--- !u!4 &4915811639808622
Transform:
  m_GameObject: {fileID: 1455616467526319}
  m_LocalRotation: {x: -2.092857E-07, y: -1.812686E-14, z: 8.661301E-08, w: 1}
  m_LocalPosition: {x: -0.7129601, y: -1.788139E-07, z: 8.940697E-08}
  m_LocalScale: {x: 0.9999998, y: 0.9999999, z: 0.9999998}
  m_Children: []
  m_Father: {fileID: 4386189653511970}
  m_RootOrder: 0
  m_LocalEulerAnglesHint: {x: -2.398237E-05, y: -4.052188E-20, z: -9.92512E-06}
--- !u!1 &1561099339071206
GameObject:
  serializedVersion: 5
  m_Component:
  - component: {fileID: 4208222916112477}
  m_Layer: 0
  m_Name: Puppet_Thumb01
  m_TagString: Untagged
  m_Icon: {fileID: 0}
  m_NavMeshLayer: 0
  m_StaticEditorFlags: 0
  m_IsActive: 1
--- !u!4 &4208222916112477
Transform:
  m_GameObject: {fileID: 1561099339071206}
  m_LocalRotation: {x: 0.5958892, y: 0.3814562, z: -0.3783327, w: 0.596885}
  m_LocalPosition: {x: -0.4193471, y: -0.004096359, z: 0.5149765}
  m_LocalScale: {x: 1, y: 1, z: 1}
  m_Children:
  - {fileID: 4977023863886850}
  m_Father: {fileID: 4801954623904587}
  m_RootOrder: 3
  m_LocalEulerAnglesHint: {x: 90.16068, y: -64.99347, z: -0.4024287}
--- !u!1 &1676627416786905
GameObject:
  serializedVersion: 5
  m_Component:
  - component: {fileID: 4977023863886850}
  m_Layer: 0
  m_Name: Puppet_Thumb02
  m_TagString: Untagged
  m_Icon: {fileID: 0}
  m_NavMeshLayer: 0
  m_StaticEditorFlags: 0
  m_IsActive: 1
--- !u!4 &4977023863886850
Transform:
  m_GameObject: {fileID: 1676627416786905}
  m_LocalRotation: {x: 0.0002192374, y: 0.0003372991, z: 0.1720751, w: 0.9850838}
  m_LocalPosition: {x: -0.9966134, y: 8.940697E-07, z: 6.705523E-08}
  m_LocalScale: {x: 0.9999996, y: 1, z: 1}
  m_Children:
  - {fileID: 4350878885986385}
  m_Father: {fileID: 4208222916112477}
  m_RootOrder: 0
  m_LocalEulerAnglesHint: {x: 0.031399, y: -0.03375209, z: -19.817}
--- !u!1 &1657283052182667
GameObject:
  serializedVersion: 5
  m_Component:
  - component: {fileID: 4350878885986385}
  m_Layer: 0
  m_Name: Puppet_Thumb03
  m_TagString: Untagged
  m_Icon: {fileID: 0}
  m_NavMeshLayer: 0
  m_StaticEditorFlags: 0
  m_IsActive: 1
--- !u!4 &4350878885986385
Transform:
  m_GameObject: {fileID: 1657283052182667}
  m_LocalRotation: {x: 2.141791E-08, y: -2.214859E-08, z: 0.06610084, w: 0.997813}
  m_LocalPosition: {x: -0.698959, y: 0, z: -2.235174E-08}
  m_LocalScale: {x: 1, y: 0.9999998, z: 1}
  m_Children: []
  m_Father: {fileID: 4977023863886850}
  m_RootOrder: 0
  m_LocalEulerAnglesHint: {x: 2.281177E-06, y: 2.694723E-06, z: -7.580125}
--- !u!1 &1316396774155290
GameObject:
  serializedVersion: 5
  m_Component:
  - component: {fileID: 4827190605647660}
  m_Layer: 0
  m_Name: Puppet_Root
  m_TagString: Untagged
  m_Icon: {fileID: 0}
  m_NavMeshLayer: 0
  m_StaticEditorFlags: 0
  m_IsActive: 1
--- !u!4 &4827190605647660
Transform:
  m_GameObject: {fileID: 1316396774155290}
  m_LocalRotation: {x: -0.7071068, y: 0, z: 0, w: 0.7071068}
  m_LocalPosition: {x: 0, y: 0, z: 0}
  m_LocalScale: {x: 1, y: 1, z: 1}
  m_Children: []
  m_Father: {fileID: 4181294764512635}
  m_RootOrder: 1
  m_LocalEulerAnglesHint: {x: -90, y: 0, z: 0}
--- !u!1 &1323319929421878
GameObject:
  serializedVersion: 5
  m_Component:
  - component: {fileID: 4274183838634293}
  - component: {fileID: 137385939760747346}
  m_Layer: 0
  m_Name: SkeletalGrasp
  m_TagString: Untagged
  m_Icon: {fileID: 0}
  m_NavMeshLayer: 0
  m_StaticEditorFlags: 0
  m_IsActive: 1
--- !u!4 &4274183838634293
Transform:
  m_GameObject: {fileID: 1323319929421878}
  m_LocalRotation: {x: -0.7071068, y: 0, z: 0, w: 0.7071068}
  m_LocalPosition: {x: -0.01298596, y: -0.1622994, z: 0.3477917}
  m_LocalScale: {x: 1, y: 1, z: 1}
  m_Children: []
  m_Father: {fileID: 4181294764512635}
  m_RootOrder: 2
  m_LocalEulerAnglesHint: {x: -90, y: 0, z: 0}
--- !u!137 &137385939760747346
SkinnedMeshRenderer:
  m_GameObject: {fileID: 1323319929421878}
  m_Enabled: 1
  m_CastShadows: 1
  m_ReceiveShadows: 1
  m_DynamicOccludee: 1
  m_MotionVectors: 1
  m_LightProbeUsage: 0
  m_ReflectionProbeUsage: 1
  m_Materials:
  - {fileID: 2100000, guid: 90bc8579bc11fe541809078dc6ec5a62, type: 2}
  m_StaticBatchInfo:
    firstSubMesh: 0
    subMeshCount: 0
  m_StaticBatchRoot: {fileID: 0}
  m_ProbeAnchor: {fileID: 0}
  m_LightProbeVolumeOverride: {fileID: 0}
  m_ScaleInLightmap: 1
  m_PreserveUVs: 0
  m_IgnoreNormalsForChartDetection: 0
  m_ImportantGI: 0
  m_StitchLightmapSeams: 0
  m_SelectedEditorRenderState: 3
  m_MinimumChartSize: 4
  m_AutoUVMaxDistance: 0.5
  m_AutoUVMaxAngle: 89
  m_LightmapParameters: {fileID: 0}
  m_SortingLayerID: 0
  m_SortingLayer: 0
  m_SortingOrder: 0
  serializedVersion: 2
  m_Quality: 0
  m_UpdateWhenOffscreen: 0
  m_skinnedMotionVectors: 0
  m_Mesh: {fileID: 4300000, guid: 01e2dfe2f58f6284f98ef3b389b7d0bf, type: 2}
  m_Bones:
  - {fileID: 4208222916112477}
  - {fileID: 4801954623904587}
  - {fileID: 4977023863886850}
  - {fileID: 4350878885986385}
  - {fileID: 4575708973254372}
  - {fileID: 4212793703372305}
  - {fileID: 4433491843409428}
  - {fileID: 4055336586373917}
  - {fileID: 4222991800767430}
  - {fileID: 4714459736594445}
  - {fileID: 4416086145367519}
  - {fileID: 4386189653511970}
  - {fileID: 4915811639808622}
  - {fileID: 4273440328959660}
  m_BlendShapeWeights: []
  m_RootBone: {fileID: 4273440328959660}
  m_AABB:
    m_Center: {x: -2.997919, y: -0.005777732, z: 0.3291867}
    m_Extent: {x: 3.087421, y: 0.2081166, z: 1.747661}
  m_DirtyAABB: 0
--- !u!1 &1454992188407253
GameObject:
  serializedVersion: 5
  m_Component:
  - component: {fileID: 4677249353223568}
  - component: {fileID: 137320405148380954}
  m_Layer: 0
  m_Name: SkeletalGrasp_Fire
  m_TagString: Untagged
  m_Icon: {fileID: 0}
  m_NavMeshLayer: 0
  m_StaticEditorFlags: 0
  m_IsActive: 1
--- !u!4 &4677249353223568
Transform:
  m_GameObject: {fileID: 1454992188407253}
  m_LocalRotation: {x: -0.7071068, y: 0, z: 0, w: 0.7071068}
  m_LocalPosition: {x: 0.9651024, y: -0.3536661, z: 0.2205105}
  m_LocalScale: {x: 1, y: 1, z: 1}
  m_Children: []
  m_Father: {fileID: 4181294764512635}
  m_RootOrder: 3
  m_LocalEulerAnglesHint: {x: -90, y: 0, z: 0}
--- !u!137 &137320405148380954
SkinnedMeshRenderer:
  m_GameObject: {fileID: 1454992188407253}
  m_Enabled: 1
  m_CastShadows: 1
  m_ReceiveShadows: 1
  m_DynamicOccludee: 1
  m_MotionVectors: 1
  m_LightProbeUsage: 0
  m_ReflectionProbeUsage: 1
  m_Materials:
  - {fileID: 2100000, guid: cacc31ed9ce91b84ca51f3c7a72ef574, type: 2}
  m_StaticBatchInfo:
    firstSubMesh: 0
    subMeshCount: 0
  m_StaticBatchRoot: {fileID: 0}
  m_ProbeAnchor: {fileID: 0}
  m_LightProbeVolumeOverride: {fileID: 0}
  m_ScaleInLightmap: 1
  m_PreserveUVs: 0
  m_IgnoreNormalsForChartDetection: 0
  m_ImportantGI: 0
  m_StitchLightmapSeams: 0
  m_SelectedEditorRenderState: 3
  m_MinimumChartSize: 4
  m_AutoUVMaxDistance: 0.5
  m_AutoUVMaxAngle: 89
  m_LightmapParameters: {fileID: 0}
  m_SortingLayerID: 0
  m_SortingLayer: 0
  m_SortingOrder: 0
  serializedVersion: 2
  m_Quality: 0
  m_UpdateWhenOffscreen: 0
  m_skinnedMotionVectors: 0
  m_Mesh: {fileID: 4300000, guid: eb40fde5aa70cbb4290724c3528a89ab, type: 2}
  m_Bones:
  - {fileID: 4676854890896019}
  m_BlendShapeWeights: []
  m_RootBone: {fileID: 4676854890896019}
  m_AABB:
    m_Center: {x: -3.119673, y: 0.4724602, z: 0.2422428}
    m_Extent: {x: 3.286736, y: 1.528107, z: 2.612236}
  m_DirtyAABB: 0
--- !u!1 &1363843666739298
GameObject:
  serializedVersion: 5
  m_Component:
  - component: {fileID: 4905866209719356}
  - component: {fileID: 137225577157125050}
  m_Layer: 0
  m_Name: SkeletalGrasp_Fire_Outline
  m_TagString: Untagged
  m_Icon: {fileID: 0}
  m_NavMeshLayer: 0
  m_StaticEditorFlags: 0
  m_IsActive: 1
--- !u!4 &4905866209719356
Transform:
  m_GameObject: {fileID: 1363843666739298}
  m_LocalRotation: {x: -0.7071068, y: 0, z: 0, w: 0.7071068}
  m_LocalPosition: {x: 0.9651024, y: -0.3536661, z: 0.2205105}
  m_LocalScale: {x: 1, y: 1, z: 1}
  m_Children: []
  m_Father: {fileID: 4181294764512635}
  m_RootOrder: 4
  m_LocalEulerAnglesHint: {x: -90, y: 0, z: 0}
--- !u!137 &137225577157125050
SkinnedMeshRenderer:
  m_GameObject: {fileID: 1363843666739298}
  m_Enabled: 1
  m_CastShadows: 1
  m_ReceiveShadows: 1
  m_DynamicOccludee: 1
  m_MotionVectors: 1
  m_LightProbeUsage: 0
  m_ReflectionProbeUsage: 1
  m_Materials:
  - {fileID: 2100000, guid: cacc31ed9ce91b84ca51f3c7a72ef574, type: 2}
  m_StaticBatchInfo:
    firstSubMesh: 0
    subMeshCount: 0
  m_StaticBatchRoot: {fileID: 0}
  m_ProbeAnchor: {fileID: 0}
  m_LightProbeVolumeOverride: {fileID: 0}
  m_ScaleInLightmap: 1
  m_PreserveUVs: 0
  m_IgnoreNormalsForChartDetection: 0
  m_ImportantGI: 0
  m_StitchLightmapSeams: 0
  m_SelectedEditorRenderState: 3
  m_MinimumChartSize: 4
  m_AutoUVMaxDistance: 0.5
  m_AutoUVMaxAngle: 89
  m_LightmapParameters: {fileID: 0}
  m_SortingLayerID: 0
  m_SortingLayer: 0
  m_SortingOrder: 0
  serializedVersion: 2
  m_Quality: 0
  m_UpdateWhenOffscreen: 0
  m_skinnedMotionVectors: 0
  m_Mesh: {fileID: 4300000, guid: 1e2a2e71253ef4649a74bf3f6e3070ef, type: 2}
  m_Bones:
  - {fileID: 4676854890896019}
  m_BlendShapeWeights: []
  m_RootBone: {fileID: 4676854890896019}
  m_AABB:
    m_Center: {x: -3.172619, y: 0.4506681, z: 0.07916903}
    m_Extent: {x: 3.514088, y: 1.881491, z: 3.345412}
  m_DirtyAABB: 0
--- !u!1 &1922289774937354
GameObject:
  serializedVersion: 5
  m_Component:
  - component: {fileID: 4760875128592981}
  - component: {fileID: 137701284596824544}
  m_Layer: 0
  m_Name: SkeletalGrasp_Outline
  m_TagString: Untagged
  m_Icon: {fileID: 0}
  m_NavMeshLayer: 0
  m_StaticEditorFlags: 0
  m_IsActive: 1
--- !u!4 &4760875128592981
Transform:
  m_GameObject: {fileID: 1922289774937354}
  m_LocalRotation: {x: -0.7071068, y: 0, z: 0, w: 0.7071068}
  m_LocalPosition: {x: -0.01298596, y: -0.1622994, z: 0.3477917}
  m_LocalScale: {x: 1, y: 1, z: 1}
  m_Children: []
  m_Father: {fileID: 4181294764512635}
  m_RootOrder: 5
  m_LocalEulerAnglesHint: {x: -90, y: 0, z: 0}
--- !u!137 &137701284596824544
SkinnedMeshRenderer:
  m_GameObject: {fileID: 1922289774937354}
  m_Enabled: 1
  m_CastShadows: 1
  m_ReceiveShadows: 1
  m_DynamicOccludee: 1
  m_MotionVectors: 1
  m_LightProbeUsage: 0
  m_ReflectionProbeUsage: 1
  m_Materials:
  - {fileID: 2100000, guid: 90bc8579bc11fe541809078dc6ec5a62, type: 2}
  m_StaticBatchInfo:
    firstSubMesh: 0
    subMeshCount: 0
  m_StaticBatchRoot: {fileID: 0}
  m_ProbeAnchor: {fileID: 0}
  m_LightProbeVolumeOverride: {fileID: 0}
  m_ScaleInLightmap: 1
  m_PreserveUVs: 0
  m_IgnoreNormalsForChartDetection: 0
  m_ImportantGI: 0
  m_StitchLightmapSeams: 0
  m_SelectedEditorRenderState: 3
  m_MinimumChartSize: 4
  m_AutoUVMaxDistance: 0.5
  m_AutoUVMaxAngle: 89
  m_LightmapParameters: {fileID: 0}
  m_SortingLayerID: 0
  m_SortingLayer: 0
  m_SortingOrder: 0
  serializedVersion: 2
  m_Quality: 0
  m_UpdateWhenOffscreen: 0
  m_skinnedMotionVectors: 0
  m_Mesh: {fileID: 4300000, guid: 4d2b09095c7edac40ad4f2cdd4c307be, type: 2}
  m_Bones:
  - {fileID: 4801954623904587}
  - {fileID: 4208222916112477}
  - {fileID: 4977023863886850}
  - {fileID: 4350878885986385}
  - {fileID: 4575708973254372}
  - {fileID: 4433491843409428}
  - {fileID: 4055336586373917}
  - {fileID: 4222991800767430}
  - {fileID: 4416086145367519}
  - {fileID: 4212793703372305}
  - {fileID: 4714459736594445}
  - {fileID: 4386189653511970}
  - {fileID: 4915811639808622}
  - {fileID: 4273440328959660}
  m_BlendShapeWeights: []
  m_RootBone: {fileID: 4273440328959660}
  m_AABB:
    m_Center: {x: -2.998081, y: -0.002079159, z: 0.3353114}
    m_Extent: {x: 3.13464, y: 0.251436, z: 1.806325}
  m_DirtyAABB: 0
