%YAML 1.1
%TAG !u! tag:unity3d.com,2011:
--- !u!1001 &100100000
Prefab:
  serializedVersion: 2
  m_Modification:
    m_TransformParent: {fileID: 0}
    m_Modifications: []
    m_RemovedComponents: []
  m_ParentPrefab: {fileID: 0}
  m_RootGameObject: {fileID: 1020526582115811}
  m_IsPrefabParent: 1
--- !u!1 &1020526582115811
GameObject:
  serializedVersion: 5
  m_Component:
  - component: {fileID: 4370023742775751}
  - component: {fileID: 111833100735330880}
  - component: {fileID: 114404699839359718}
  - component: {fileID: 82927107705717534}
  - component: {fileID: 114337130888659143}
  - component: {fileID: 114799144463960336}
  m_Layer: 0
  m_Name: SpikedMaceStump
  m_TagString: Untagged
  m_Icon: {fileID: 0}
  m_NavMeshLayer: 0
  m_StaticEditorFlags: 0
  m_IsActive: 1
--- !u!4 &4370023742775751
Transform:
  m_GameObject: {fileID: 1020526582115811}
  m_LocalRotation: {x: 0, y: 0, z: 0, w: 1}
  m_LocalPosition: {x: 6, y: 0, z: 0}
  m_LocalScale: {x: 1, y: 1, z: 1}
  m_Children:
  - {fileID: 4554340147857014}
  - {fileID: 4774660183392119}
  - {fileID: 4134594439942166}
  - {fileID: 4735088819960760}
  m_Father: {fileID: 0}
  m_RootOrder: 0
  m_LocalEulerAnglesHint: {x: 0, y: 0, z: 0}
--- !u!111 &111833100735330880
Animation:
  m_GameObject: {fileID: 1020526582115811}
  m_Enabled: 1
  serializedVersion: 3
  m_Animation: {fileID: 0}
  m_Animations:
  - {fileID: 7400000, guid: 4dc09b17b3d3abf49b37afbef5a55036, type: 2}
  - {fileID: 7400000, guid: 7ff8a64a00548154aa6e346e6f388cfe, type: 2}
  - {fileID: 7400000, guid: 316eb1bea4764dd468c42b22089931c9, type: 2}
  - {fileID: 7400000, guid: e84bef836c2ecd54da4577a9ef1eaf8f, type: 2}
  - {fileID: 7400000, guid: 2e0c4e004a66bb84aaee5942cf107dc0, type: 2}
  - {fileID: 7400000, guid: 9a239176375c85f40a4f4f846f435f4c, type: 2}
  - {fileID: 7400000, guid: d57db057cb8641d42a36f78cfdbc042b, type: 2}
  - {fileID: 7400000, guid: 11cc4faff5e3e1c4ebc0e5ebf0cff9ed, type: 2}
  m_WrapMode: 0
  m_PlayAutomatically: 0
  m_AnimatePhysics: 0
  m_CullingType: 1
--- !u!114 &114404699839359718
MonoBehaviour:
  m_GameObject: {fileID: 1020526582115811}
  m_Enabled: 1
  m_EditorHideFlags: 0
  m_Script: {fileID: 11500000, guid: 203ebd45b8aad6940846389310fb33f6, type: 3}
  m_Name:
  m_EditorClassIdentifier:
  SpawnEffect: {fileID: 0}
  SpawnAudio: {fileID: 8300000, guid: 7231b2a67a83e50469a0425139d8d44d, type: 3}
  SpawnAudioDelaySecs: 0
  Intro: SpikedMace_Intro
  Idle: SpikedMace_Idle
  IntroLength: 2.4
  hpBar: {fileID: 0}
--- !u!82 &82927107705717534
AudioSource:
  m_GameObject: {fileID: 1020526582115811}
  m_Enabled: 1
  serializedVersion: 4
  OutputAudioMixerGroup: {fileID: 0}
  m_audioClip: {fileID: 0}
  m_PlayOnAwake: 0
  m_Volume: 1
  m_Pitch: 1
  Loop: 0
  Mute: 0
  Spatialize: 0
  SpatializePostEffects: 0
  Priority: 128
  DopplerLevel: 1
  MinDistance: 1
  MaxDistance: 500
  Pan2D: 0
  rolloffMode: 2
  BypassEffects: 0
  BypassListenerEffects: 0
  BypassReverbZones: 0
  rolloffCustomCurve:
    serializedVersion: 2
    m_Curve:
    - serializedVersion: 2
      time: 0
      value: 1
      inSlope: 0
      outSlope: 0
      tangentMode: 0
    - serializedVersion: 2
      time: 1
      value: 1
      inSlope: 0
      outSlope: 0
      tangentMode: 0
    m_PreInfinity: 2
    m_PostInfinity: 2
    m_RotationOrder: 0
  panLevelCustomCurve:
    serializedVersion: 2
    m_Curve:
    - serializedVersion: 2
      time: 0
      value: 0
      inSlope: 0
      outSlope: 0
      tangentMode: 0
    m_PreInfinity: 2
    m_PostInfinity: 2
    m_RotationOrder: 0
  spreadCustomCurve:
    serializedVersion: 2
    m_Curve:
    - serializedVersion: 2
      time: 0
      value: 0
      inSlope: 0
      outSlope: 0
      tangentMode: 0
    m_PreInfinity: 2
    m_PostInfinity: 2
    m_RotationOrder: 0
  reverbZoneMixCustomCurve:
    serializedVersion: 2
    m_Curve:
    - serializedVersion: 2
      time: 0
      value: 1
      inSlope: 0
      outSlope: 0
      tangentMode: 0
    m_PreInfinity: 2
    m_PostInfinity: 2
    m_RotationOrder: 0
--- !u!114 &114337130888659143
MonoBehaviour:
  m_GameObject: {fileID: 1020526582115811}
  m_Enabled: 1
  m_EditorHideFlags: 0
  m_Script: {fileID: 11500000, guid: 816f303b97b032a4d9e1a96b34158d44, type: 3}
  m_Name:
  m_EditorClassIdentifier:
  Tombstone: {fileID: 0}
  Timer: 0
  Idle:
  RemoveTombstone: 0
  DamageDealt: 0
  Flooped: 0
  Crash: 0
--- !u!114 &114799144463960336
MonoBehaviour:
  m_GameObject: {fileID: 1020526582115811}
  m_Enabled: 1
  m_EditorHideFlags: 0
  m_Script: {fileID: 11500000, guid: 9390b1f887e33a34caef2ef05f3f87a5, type: 3}
  m_Name:
  m_EditorClassIdentifier:
  animTarget: {fileID: 0}
  animName:
--- !u!1 &1270471627750226
GameObject:
  serializedVersion: 5
  m_Component:
  - component: {fileID: 4554340147857014}
  m_Layer: 0
  m_Name: Puppet_Global
  m_TagString: Untagged
  m_Icon: {fileID: 0}
  m_NavMeshLayer: 0
  m_StaticEditorFlags: 0
  m_IsActive: 1
--- !u!4 &4554340147857014
Transform:
  m_GameObject: {fileID: 1270471627750226}
  m_LocalRotation: {x: 0.5000001, y: -0.5000001, z: -0.5, w: 0.5}
  m_LocalPosition: {x: 0, y: 1.6, z: -0.04906268}
  m_LocalScale: {x: 1, y: 1, z: 1}
  m_Children:
  - {fileID: 4629342865962439}
  - {fileID: 4919293652816306}
  m_Father: {fileID: 4370023742775751}
  m_RootOrder: 0
  m_LocalEulerAnglesHint: {x: 90.00001, y: 0, z: 90}
--- !u!1 &1322393714507976
GameObject:
  serializedVersion: 5
  m_Component:
  - component: {fileID: 4629342865962439}
  m_Layer: 0
  m_Name: Puppet_Axe
  m_TagString: Untagged
  m_Icon: {fileID: 0}
  m_NavMeshLayer: 0
  m_StaticEditorFlags: 0
  m_IsActive: 1
--- !u!4 &4629342865962439
Transform:
  m_GameObject: {fileID: 1322393714507976}
  m_LocalRotation: {x: -1.939833E-09, y: -1.356795E-07, z: -0.8340392, w: 0.5517052}
  m_LocalPosition: {x: -0.9640224, y: -0.548911, z: 0.02710065}
  m_LocalScale: {x: 0.9999999, y: 1, z: 1}
  m_Children: []
  m_Father: {fileID: 4554340147857014}
  m_RootOrder: 0
  m_LocalEulerAnglesHint: {x: 1.284477E-05, y: 8.763157E-06, z: 113.0318}
--- !u!1 &1960320190097652
GameObject:
  serializedVersion: 5
  m_Component:
  - component: {fileID: 4919293652816306}
  m_Layer: 0
  m_Name: Puppet_Base
  m_TagString: Untagged
  m_Icon: {fileID: 0}
  m_NavMeshLayer: 0
  m_StaticEditorFlags: 0
  m_IsActive: 1
--- !u!4 &4919293652816306
Transform:
  m_GameObject: {fileID: 1960320190097652}
  m_LocalRotation: {x: 8.589581E-08, y: 0, z: 0, w: 1}
  m_LocalPosition: {x: 1.6134, y: -2.644956E-07, z: -4.174439E-14}
  m_LocalScale: {x: 1, y: 1, z: 1}
  m_Children:
  - {fileID: 4181993694899880}
  m_Father: {fileID: 4554340147857014}
  m_RootOrder: 1
  m_LocalEulerAnglesHint: {x: 9.842935E-06, y: 0, z: 0}
--- !u!1 &1816888030170010
GameObject:
  serializedVersion: 5
  m_Component:
  - component: {fileID: 4181993694899880}
  m_Layer: 0
  m_Name: Puppet_Mid
  m_TagString: Untagged
  m_Icon: {fileID: 0}
  m_NavMeshLayer: 0
  m_StaticEditorFlags: 0
  m_IsActive: 1
--- !u!4 &4181993694899880
Transform:
  m_GameObject: {fileID: 1816888030170010}
  m_LocalRotation: {x: -8.742276E-08, y: 2.557175E-14, z: 7.10543E-15, w: 1}
  m_LocalPosition: {x: -0.9416189, y: 3.72529E-09, z: -7.408302E-09}
  m_LocalScale: {x: 1, y: 1, z: 1}
  m_Children: []
  m_Father: {fileID: 4919293652816306}
  m_RootOrder: 0
  m_LocalEulerAnglesHint: {x: -1.001791E-05, y: -2.930306E-12, z: -8.14222E-13}
--- !u!1 &1901647183251873
GameObject:
  serializedVersion: 5
  m_Component:
  - component: {fileID: 4774660183392119}
  m_Layer: 0
  m_Name: Puppet_Root
  m_TagString: Untagged
  m_Icon: {fileID: 0}
  m_NavMeshLayer: 0
  m_StaticEditorFlags: 0
  m_IsActive: 1
--- !u!4 &4774660183392119
Transform:
  m_GameObject: {fileID: 1901647183251873}
  m_LocalRotation: {x: -0.7071068, y: 0, z: 0, w: 0.7071068}
  m_LocalPosition: {x: 0, y: 0, z: 0}
  m_LocalScale: {x: 1, y: 1, z: 1}
  m_Children: []
  m_Father: {fileID: 4370023742775751}
  m_RootOrder: 1
  m_LocalEulerAnglesHint: {x: -90, y: 0, z: 0}
--- !u!1 &1892480754646176
GameObject:
  serializedVersion: 5
  m_Component:
  - component: {fileID: 4134594439942166}
  - component: {fileID: 137996907699634008}
  m_Layer: 0
  m_Name: SpikedMaceStmp
  m_TagString: Untagged
  m_Icon: {fileID: 0}
  m_NavMeshLayer: 0
  m_StaticEditorFlags: 0
  m_IsActive: 1
--- !u!4 &4134594439942166
Transform:
  m_GameObject: {fileID: 1892480754646176}
  m_LocalRotation: {x: -0.7071068, y: 0, z: 0, w: 0.7071068}
  m_LocalPosition: {x: 0, y: 0, z: 0}
  m_LocalScale: {x: 1, y: 1, z: 1}
  m_Children: []
  m_Father: {fileID: 4370023742775751}
  m_RootOrder: 2
  m_LocalEulerAnglesHint: {x: -90, y: 0, z: 0}
--- !u!137 &137996907699634008
SkinnedMeshRenderer:
  m_GameObject: {fileID: 1892480754646176}
  m_Enabled: 1
  m_CastShadows: 1
  m_ReceiveShadows: 1
  m_DynamicOccludee: 1
  m_MotionVectors: 1
  m_LightProbeUsage: 0
  m_ReflectionProbeUsage: 1
  m_Materials:
  - {fileID: 2100000, guid: 0bc8e2b4d46d22f439d2bcc580318126, type: 2}
  m_StaticBatchInfo:
    firstSubMesh: 0
    subMeshCount: 0
  m_StaticBatchRoot: {fileID: 0}
  m_ProbeAnchor: {fileID: 0}
  m_LightProbeVolumeOverride: {fileID: 0}
  m_ScaleInLightmap: 1
  m_PreserveUVs: 0
  m_IgnoreNormalsForChartDetection: 0
  m_ImportantGI: 0
  m_StitchLightmapSeams: 0
  m_SelectedEditorRenderState: 3
  m_MinimumChartSize: 4
  m_AutoUVMaxDistance: 0.5
  m_AutoUVMaxAngle: 89
  m_LightmapParameters: {fileID: 0}
  m_SortingLayerID: 0
  m_SortingLayer: 0
  m_SortingOrder: 0
  serializedVersion: 2
  m_Quality: 0
  m_UpdateWhenOffscreen: 0
  m_skinnedMotionVectors: 0
  m_Mesh: {fileID: 4300000, guid: 5c8bb34d8ed744041ad974a454399f70, type: 2}
  m_Bones:
  - {fileID: 4919293652816306}
  - {fileID: 4181993694899880}
  - {fileID: 4629342865962439}
  m_BlendShapeWeights: []
  m_RootBone: {fileID: 4919293652816306}
  m_AABB:
    m_Center: {x: -1.884955, y: -0.4258037, z: -8.702278E-05}
    m_Extent: {x: 1.872497, y: 1.436329, z: 1.03432}
  m_DirtyAABB: 0
--- !u!1 &1640816889720342
GameObject:
  serializedVersion: 5
  m_Component:
  - component: {fileID: 4735088819960760}
  - component: {fileID: 137863531340834535}
  m_Layer: 0
  m_Name: SpikedMaceStump_Outline
  m_TagString: Untagged
  m_Icon: {fileID: 0}
  m_NavMeshLayer: 0
  m_StaticEditorFlags: 0
  m_IsActive: 1
--- !u!4 &4735088819960760
Transform:
  m_GameObject: {fileID: 1640816889720342}
  m_LocalRotation: {x: -0.7071068, y: 0, z: 0, w: 0.7071068}
  m_LocalPosition: {x: 0, y: 0, z: 0}
  m_LocalScale: {x: 1, y: 1, z: 1}
  m_Children: []
  m_Father: {fileID: 4370023742775751}
  m_RootOrder: 3
  m_LocalEulerAnglesHint: {x: -90, y: 0, z: 0}
--- !u!137 &137863531340834535
SkinnedMeshRenderer:
  m_GameObject: {fileID: 1640816889720342}
  m_Enabled: 1
  m_CastShadows: 1
  m_ReceiveShadows: 1
  m_DynamicOccludee: 1
  m_MotionVectors: 1
  m_LightProbeUsage: 0
  m_ReflectionProbeUsage: 1
  m_Materials:
  - {fileID: 2100000, guid: 0bc8e2b4d46d22f439d2bcc580318126, type: 2}
  m_StaticBatchInfo:
    firstSubMesh: 0
    subMeshCount: 0
  m_StaticBatchRoot: {fileID: 0}
  m_ProbeAnchor: {fileID: 0}
  m_LightProbeVolumeOverride: {fileID: 0}
  m_ScaleInLightmap: 1
  m_PreserveUVs: 0
  m_IgnoreNormalsForChartDetection: 0
  m_ImportantGI: 0
  m_StitchLightmapSeams: 0
  m_SelectedEditorRenderState: 3
  m_MinimumChartSize: 4
  m_AutoUVMaxDistance: 0.5
  m_AutoUVMaxAngle: 89
  m_LightmapParameters: {fileID: 0}
  m_SortingLayerID: 0
  m_SortingLayer: 0
  m_SortingOrder: 0
  serializedVersion: 2
  m_Quality: 0
  m_UpdateWhenOffscreen: 0
  m_skinnedMotionVectors: 0
  m_Mesh: {fileID: 4300000, guid: 63cabcc5ab67e76499c8df2aa41ffa3e, type: 2}
  m_Bones:
  - {fileID: 4629342865962439}
  - {fileID: 4181993694899880}
  - {fileID: 4919293652816306}
  m_BlendShapeWeights: []
  m_RootBone: {fileID: 4919293652816306}
  m_AABB:
    m_Center: {x: -1.889349, y: -0.4290712, z: -0.0001087189}
    m_Extent: {x: 1.89321, y: 1.455148, z: 1.052568}
  m_DirtyAABB: 0
