%YAML 1.1
%TAG !u! tag:unity3d.com,2011:
--- !u!1001 &100100000
Prefab:
  serializedVersion: 2
  m_Modification:
    m_TransformParent: {fileID: 0}
    m_Modifications: []
    m_RemovedComponents: []
  m_ParentPrefab: {fileID: 0}
  m_RootGameObject: {fileID: 1702357986066352}
  m_IsPrefabParent: 1
--- !u!1 &1702357986066352
GameObject:
  serializedVersion: 5
  m_Component:
  - component: {fileID: 4856977850588419}
  - component: {fileID: 111703231992538628}
  - component: {fileID: 114967886886492871}
  - component: {fileID: 82561170010316469}
  - component: {fileID: 114830319670243034}
  - component: {fileID: 114779102228203896}
  m_Layer: 0
  m_Name: TeethLeaf
  m_TagString: Untagged
  m_Icon: {fileID: 0}
  m_NavMeshLayer: 0
  m_StaticEditorFlags: 0
  m_IsActive: 1
--- !u!4 &4856977850588419
Transform:
  m_GameObject: {fileID: 1702357986066352}
  m_LocalRotation: {x: 0, y: 0, z: 0, w: 1}
  m_LocalPosition: {x: 0, y: 0, z: 0}
  m_LocalScale: {x: 1, y: 1, z: 1}
  m_Children:
  - {fileID: 4083696243468305}
  - {fileID: 4246457874911583}
  - {fileID: 4502879329308012}
  - {fileID: 4152118658428163}
  m_Father: {fileID: 0}
  m_RootOrder: 0
  m_LocalEulerAnglesHint: {x: 0, y: 0, z: 0}
--- !u!111 &111703231992538628
Animation:
  m_GameObject: {fileID: 1702357986066352}
  m_Enabled: 1
  serializedVersion: 3
  m_Animation: {fileID: 0}
  m_Animations:
  - {fileID: 7400000, guid: 1614d0d8b6159ee488d26d6282446ad2, type: 2}
  - {fileID: 7400000, guid: c81009d74996a9e438d7676e35ac6152, type: 2}
  - {fileID: 7400000, guid: 316eb1bea4764dd468c42b22089931c9, type: 2}
  - {fileID: 7400000, guid: e84bef836c2ecd54da4577a9ef1eaf8f, type: 2}
  - {fileID: 7400000, guid: 2e0c4e004a66bb84aaee5942cf107dc0, type: 2}
  - {fileID: 7400000, guid: 9a239176375c85f40a4f4f846f435f4c, type: 2}
  - {fileID: 7400000, guid: d57db057cb8641d42a36f78cfdbc042b, type: 2}
  - {fileID: 7400000, guid: 11cc4faff5e3e1c4ebc0e5ebf0cff9ed, type: 2}
  m_WrapMode: 0
  m_PlayAutomatically: 0
  m_AnimatePhysics: 0
  m_CullingType: 1
--- !u!114 &114967886886492871
MonoBehaviour:
  m_GameObject: {fileID: 1702357986066352}
  m_Enabled: 1
  m_EditorHideFlags: 0
  m_Script: {fileID: 11500000, guid: 203ebd45b8aad6940846389310fb33f6, type: 3}
  m_Name:
  m_EditorClassIdentifier:
  SpawnEffect: {fileID: 0}
  SpawnAudio: {fileID: 8300000, guid: a8e648b7a5bc7f149a1f241e6d68dc8c, type: 3}
  SpawnAudioDelaySecs: 0
  Intro: TeethLeaf_Intro
  Idle: TeethLeaf_Idle
  IntroLength: 1.833333
  hpBar: {fileID: 0}
--- !u!82 &82561170010316469
AudioSource:
  m_GameObject: {fileID: 1702357986066352}
  m_Enabled: 1
  serializedVersion: 4
  OutputAudioMixerGroup: {fileID: 0}
  m_audioClip: {fileID: 0}
  m_PlayOnAwake: 0
  m_Volume: 1
  m_Pitch: 1
  Loop: 0
  Mute: 0
  Spatialize: 0
  SpatializePostEffects: 0
  Priority: 128
  DopplerLevel: 1
  MinDistance: 1
  MaxDistance: 500
  Pan2D: 0
  rolloffMode: 2
  BypassEffects: 0
  BypassListenerEffects: 0
  BypassReverbZones: 0
  rolloffCustomCurve:
    serializedVersion: 2
    m_Curve:
    - serializedVersion: 2
      time: 0
      value: 1
      inSlope: 0
      outSlope: 0
      tangentMode: 0
    - serializedVersion: 2
      time: 1
      value: 1
      inSlope: 0
      outSlope: 0
      tangentMode: 0
    m_PreInfinity: 2
    m_PostInfinity: 2
    m_RotationOrder: 0
  panLevelCustomCurve:
    serializedVersion: 2
    m_Curve:
    - serializedVersion: 2
      time: 0
      value: 0
      inSlope: 0
      outSlope: 0
      tangentMode: 0
    m_PreInfinity: 2
    m_PostInfinity: 2
    m_RotationOrder: 0
  spreadCustomCurve:
    serializedVersion: 2
    m_Curve:
    - serializedVersion: 2
      time: 0
      value: 0
      inSlope: 0
      outSlope: 0
      tangentMode: 0
    m_PreInfinity: 2
    m_PostInfinity: 2
    m_RotationOrder: 0
  reverbZoneMixCustomCurve:
    serializedVersion: 2
    m_Curve:
    - serializedVersion: 2
      time: 0
      value: 1
      inSlope: 0
      outSlope: 0
      tangentMode: 0
    m_PreInfinity: 2
    m_PostInfinity: 2
    m_RotationOrder: 0
--- !u!114 &114830319670243034
MonoBehaviour:
  m_GameObject: {fileID: 1702357986066352}
  m_Enabled: 1
  m_EditorHideFlags: 0
  m_Script: {fileID: 11500000, guid: 816f303b97b032a4d9e1a96b34158d44, type: 3}
  m_Name:
  m_EditorClassIdentifier:
  Tombstone: {fileID: 0}
  Timer: 0
  Idle:
  RemoveTombstone: 0
  DamageDealt: 0
  Flooped: 0
  Crash: 0
--- !u!114 &114779102228203896
MonoBehaviour:
  m_GameObject: {fileID: 1702357986066352}
  m_Enabled: 1
  m_EditorHideFlags: 0
  m_Script: {fileID: 11500000, guid: 9390b1f887e33a34caef2ef05f3f87a5, type: 3}
  m_Name:
  m_EditorClassIdentifier:
  animTarget: {fileID: 0}
  animName:
--- !u!1 &1495939363218248
GameObject:
  serializedVersion: 5
  m_Component:
  - component: {fileID: 4083696243468305}
  m_Layer: 0
  m_Name: Puppet_Pelvis
  m_TagString: Untagged
  m_Icon: {fileID: 0}
  m_NavMeshLayer: 0
  m_StaticEditorFlags: 0
  m_IsActive: 1
--- !u!4 &4083696243468305
Transform:
  m_GameObject: {fileID: 1495939363218248}
  m_LocalRotation: {x: 0.5000001, y: -0.5000001, z: -0.5, w: 0.5}
  m_LocalPosition: {x: 9.065488E-09, y: 0.294733, z: -0.003568888}
  m_LocalScale: {x: 1, y: 1, z: 1}
  m_Children:
  - {fileID: 4205851009819398}
  - {fileID: 4665071832476088}
  - {fileID: 4119825242900174}
  m_Father: {fileID: 4856977850588419}
  m_RootOrder: 0
  m_LocalEulerAnglesHint: {x: 90.00001, y: 0, z: 90}
--- !u!1 &1236887676547214
GameObject:
  serializedVersion: 5
  m_Component:
  - component: {fileID: 4205851009819398}
  m_Layer: 0
  m_Name: Puppet_L_Thigh
  m_TagString: Untagged
  m_Icon: {fileID: 0}
  m_NavMeshLayer: 0
  m_StaticEditorFlags: 0
  m_IsActive: 1
--- !u!4 &4205851009819398
Transform:
  m_GameObject: {fileID: 1236887676547214}
  m_LocalRotation: {x: -0.08158889, y: 0.9966063, z: 0.005331233, w: 0.009523464}
  m_LocalPosition: {x: -0.001501232, y: -7.869676E-08, z: 0.2652353}
  m_LocalScale: {x: 1, y: 0.9999999, z: 1}
  m_Children:
  - {fileID: 4500966013913765}
  m_Father: {fileID: 4083696243468305}
  m_RootOrder: 0
  m_LocalEulerAnglesHint: {x: 179.4801, y: -1.137524, z: 170.6448}
--- !u!1 &1034993340693189
GameObject:
  serializedVersion: 5
  m_Component:
  - component: {fileID: 4500966013913765}
  m_Layer: 0
  m_Name: Puppet_L_Calf
  m_TagString: Untagged
  m_Icon: {fileID: 0}
  m_NavMeshLayer: 0
  m_StaticEditorFlags: 0
  m_IsActive: 1
--- !u!4 &4500966013913765
Transform:
  m_GameObject: {fileID: 1034993340693189}
  m_LocalRotation: {x: -0.003141818, y: 0.01310528, z: 0.1324847, w: 0.9910935}
  m_LocalPosition: {x: -0.1418135, y: -7.450581E-09, z: -2.980232E-08}
  m_LocalScale: {x: 1, y: 1, z: 1}
  m_Children: []
  m_Father: {fileID: 4205851009819398}
  m_RootOrder: 0
  m_LocalEulerAnglesHint: {x: -0.1579167, y: -1.536261, z: -15.22566}
--- !u!1 &1346239515714057
GameObject:
  serializedVersion: 5
  m_Component:
  - component: {fileID: 4665071832476088}
  m_Layer: 0
  m_Name: Puppet_R_Thigh
  m_TagString: Untagged
  m_Icon: {fileID: 0}
  m_NavMeshLayer: 0
  m_StaticEditorFlags: 0
  m_IsActive: 1
--- !u!4 &4665071832476088
Transform:
  m_GameObject: {fileID: 1346239515714057}
  m_LocalRotation: {x: -0.08160851, y: 0.9966062, z: -0.005340151, w: -0.00937141}
  m_LocalPosition: {x: -0.001501173, y: -3.958121E-08, z: -0.2652353}
  m_LocalScale: {x: 1, y: 1, z: 1}
  m_Children:
  - {fileID: 4432436407572424}
  m_Father: {fileID: 4083696243468305}
  m_RootOrder: 1
  m_LocalEulerAnglesHint: {x: -179.4777, y: 1.12025, z: 170.6425}
--- !u!1 &1501350580909683
GameObject:
  serializedVersion: 5
  m_Component:
  - component: {fileID: 4432436407572424}
  m_Layer: 0
  m_Name: Puppet_R_Calf
  m_TagString: Untagged
  m_Icon: {fileID: 0}
  m_NavMeshLayer: 0
  m_StaticEditorFlags: 0
  m_IsActive: 1
--- !u!4 &4432436407572424
Transform:
  m_GameObject: {fileID: 1501350580909683}
  m_LocalRotation: {x: 0.003115063, y: -0.01289793, z: 0.1324828, w: 0.9910965}
  m_LocalPosition: {x: -0.1418135, y: -4.842877E-08, z: 8.940697E-08}
  m_LocalScale: {x: 1, y: 1, z: 1}
  m_Children: []
  m_Father: {fileID: 4665071832476088}
  m_RootOrder: 0
  m_LocalEulerAnglesHint: {x: 0.1580282, y: 1.512302, z: -15.22544}
--- !u!1 &1033744540651261
GameObject:
  serializedVersion: 5
  m_Component:
  - component: {fileID: 4119825242900174}
  m_Layer: 0
  m_Name: Puppet_Spine
  m_TagString: Untagged
  m_Icon: {fileID: 0}
  m_NavMeshLayer: 0
  m_StaticEditorFlags: 0
  m_IsActive: 1
--- !u!4 &4119825242900174
Transform:
  m_GameObject: {fileID: 1033744540651261}
  m_LocalRotation: {x: 7.847076E-09, y: -1.646814E-08, z: -0.0006283407, w: 0.9999998}
  m_LocalPosition: {x: -0.1664602, y: 2.747402E-08, z: 8.577035E-09}
  m_LocalScale: {x: 0.9999998, y: 0.9999996, z: 1}
  m_Children:
  - {fileID: 4095934131628708}
  m_Father: {fileID: 4083696243468305}
  m_RootOrder: 2
  m_LocalEulerAnglesHint: {x: 9.003942E-07, y: 1.886544E-06, z: 0.07200254}
--- !u!1 &1873457010510287
GameObject:
  serializedVersion: 5
  m_Component:
  - component: {fileID: 4095934131628708}
  m_Layer: 0
  m_Name: Puppet_Spine1
  m_TagString: Untagged
  m_Icon: {fileID: 0}
  m_NavMeshLayer: 0
  m_StaticEditorFlags: 0
  m_IsActive: 1
--- !u!4 &4095934131628708
Transform:
  m_GameObject: {fileID: 1873457010510287}
  m_LocalRotation: {x: -2.411255E-09, y: -1.932046E-09, z: 0.0009561739, w: 0.9999996}
  m_LocalPosition: {x: -0.210328, y: 1.187436E-07, z: -2.797248E-09}
  m_LocalScale: {x: 1, y: 1, z: 1}
  m_Children:
  - {fileID: 4213488693979279}
  - {fileID: 4987508319298914}
  - {fileID: 4385052779450908}
  m_Father: {fileID: 4119825242900174}
  m_RootOrder: 0
  m_LocalEulerAnglesHint: {x: -2.765211E-07, y: 2.211318E-07, z: -0.1095695}
--- !u!1 &1043035754449214
GameObject:
  serializedVersion: 5
  m_Component:
  - component: {fileID: 4213488693979279}
  m_Layer: 0
  m_Name: Puppet_Head
  m_TagString: Untagged
  m_Icon: {fileID: 0}
  m_NavMeshLayer: 0
  m_StaticEditorFlags: 0
  m_IsActive: 1
--- !u!4 &4213488693979279
Transform:
  m_GameObject: {fileID: 1043035754449214}
  m_LocalRotation: {x: -2.503229E-08, y: -8.172994E-08, z: 3.346939E-09, w: 1}
  m_LocalPosition: {x: -0.5974907, y: 0.0003918593, z: 2.930514E-08}
  m_LocalScale: {x: 0.9999998, y: 1, z: 1}
  m_Children:
  - {fileID: 4738053716302731}
  m_Father: {fileID: 4095934131628708}
  m_RootOrder: 0
  m_LocalEulerAnglesHint: {x: -2.86849E-06, y: 9.365561E-06, z: -3.835312E-07}
--- !u!1 &1990635461119827
GameObject:
  serializedVersion: 5
  m_Component:
  - component: {fileID: 4738053716302731}
  m_Layer: 0
  m_Name: Puppet_Head_01
  m_TagString: Untagged
  m_Icon: {fileID: 0}
  m_NavMeshLayer: 0
  m_StaticEditorFlags: 0
  m_IsActive: 1
--- !u!4 &4738053716302731
Transform:
  m_GameObject: {fileID: 1990635461119827}
  m_LocalRotation: {x: -1.117586E-08, y: 9.12696E-08, z: -3.320747E-08, w: 1}
  m_LocalPosition: {x: -0.2979269, y: 0.0004390848, z: 5.912261E-08}
  m_LocalScale: {x: 1, y: 1, z: 1}
  m_Children:
  - {fileID: 4974132196049056}
  m_Father: {fileID: 4213488693979279}
  m_RootOrder: 0
  m_LocalEulerAnglesHint: {x: -1.28066E-06, y: -1.045873E-05, z: 3.805296E-06}
--- !u!1 &1475797578413663
GameObject:
  serializedVersion: 5
  m_Component:
  - component: {fileID: 4974132196049056}
  m_Layer: 0
  m_Name: Puppet_Head_02
  m_TagString: Untagged
  m_Icon: {fileID: 0}
  m_NavMeshLayer: 0
  m_StaticEditorFlags: 0
  m_IsActive: 1
--- !u!4 &4974132196049056
Transform:
  m_GameObject: {fileID: 1475797578413663}
  m_LocalRotation: {x: 5.052925E-15, y: 5.122275E-08, z: 2.805609E-08, w: 1}
  m_LocalPosition: {x: -0.4527291, y: 1.97906E-08, z: 6.397281E-09}
  m_LocalScale: {x: 0.9999999, y: 0.9999999, z: 1}
  m_Children:
  - {fileID: 4483726943558791}
  m_Father: {fileID: 4738053716302731}
  m_RootOrder: 0
  m_LocalEulerAnglesHint: {x: 7.437032E-13, y: -5.869694E-06, z: -3.214992E-06}
--- !u!1 &1421428242345186
GameObject:
  serializedVersion: 5
  m_Component:
  - component: {fileID: 4483726943558791}
  m_Layer: 0
  m_Name: Puppet_Head_03
  m_TagString: Untagged
  m_Icon: {fileID: 0}
  m_NavMeshLayer: 0
  m_StaticEditorFlags: 0
  m_IsActive: 1
--- !u!4 &4483726943558791
Transform:
  m_GameObject: {fileID: 1421428242345186}
  m_LocalRotation: {x: 2.504352E-08, y: -5.731413E-08, z: -4.857429E-08, w: 1}
  m_LocalPosition: {x: -0.4184508, y: 5.331822E-08, z: -5.614623E-09}
  m_LocalScale: {x: 1, y: 1, z: 1}
  m_Children: []
  m_Father: {fileID: 4974132196049056}
  m_RootOrder: 0
  m_LocalEulerAnglesHint: {x: 2.869777E-06, y: 6.567715E-06, z: 5.566204E-06}
--- !u!1 &1113256521140641
GameObject:
  serializedVersion: 5
  m_Component:
  - component: {fileID: 4987508319298914}
  m_Layer: 0
  m_Name: Puppet_L_UpperArm
  m_TagString: Untagged
  m_Icon: {fileID: 0}
  m_NavMeshLayer: 0
  m_StaticEditorFlags: 0
  m_IsActive: 1
--- !u!4 &4987508319298914
Transform:
  m_GameObject: {fileID: 1113256521140641}
  m_LocalRotation: {x: -0.09623799, y: 0.7917349, z: 0.1370922, w: 0.587452}
  m_LocalPosition: {x: -0.1825619, y: 0.01219368, z: 0.8663151}
  m_LocalScale: {x: 1, y: 1, z: 1}
  m_Children:
  - {fileID: 4619316109017957}
  m_Father: {fileID: 4095934131628708}
  m_RootOrder: 1
  m_LocalEulerAnglesHint: {x: 159.0883, y: -73.05785, z: -178.2931}
--- !u!1 &1864300552942194
GameObject:
  serializedVersion: 5
  m_Component:
  - component: {fileID: 4619316109017957}
  m_Layer: 0
  m_Name: Puppet_L_UpperArm1
  m_TagString: Untagged
  m_Icon: {fileID: 0}
  m_NavMeshLayer: 0
  m_StaticEditorFlags: 0
  m_IsActive: 1
--- !u!4 &4619316109017957
Transform:
  m_GameObject: {fileID: 1864300552942194}
  m_LocalRotation: {x: 0.0009001864, y: 0.1526944, z: 0.07093902, w: 0.9857237}
  m_LocalPosition: {x: -0.3065939, y: -2.980232E-08, z: -1.192093E-07}
  m_LocalScale: {x: 0.9999999, y: 0.9999999, z: 0.9999999}
  m_Children:
  - {fileID: 4160682132447009}
  m_Father: {fileID: 4987508319298914}
  m_RootOrder: 0
  m_LocalEulerAnglesHint: {x: 1.40834, y: -17.51174, z: -8.449475}
--- !u!1 &1624015713142770
GameObject:
  serializedVersion: 5
  m_Component:
  - component: {fileID: 4160682132447009}
  m_Layer: 0
  m_Name: Puppet_L_Forearm
  m_TagString: Untagged
  m_Icon: {fileID: 0}
  m_NavMeshLayer: 0
  m_StaticEditorFlags: 0
  m_IsActive: 1
--- !u!4 &4160682132447009
Transform:
  m_GameObject: {fileID: 1624015713142770}
  m_LocalRotation: {x: 0.001379021, y: 0.1891145, z: 0.008583426, w: 0.9819165}
  m_LocalPosition: {x: -0.2680644, y: 0, z: 0}
  m_LocalScale: {x: 1, y: 1, z: 1}
  m_Children:
  - {fileID: 4758477557907090}
  m_Father: {fileID: 4619316109017957}
  m_RootOrder: 0
  m_LocalEulerAnglesHint: {x: 0.3674578, y: -21.79987, z: -1.072438}
--- !u!1 &1894389932357180
GameObject:
  serializedVersion: 5
  m_Component:
  - component: {fileID: 4758477557907090}
  m_Layer: 0
  m_Name: Puppet_L_Forearm1
  m_TagString: Untagged
  m_Icon: {fileID: 0}
  m_NavMeshLayer: 0
  m_StaticEditorFlags: 0
  m_IsActive: 1
--- !u!4 &4758477557907090
Transform:
  m_GameObject: {fileID: 1894389932357180}
  m_LocalRotation: {x: 0.00220173, y: 0.1060028, z: 0.008956195, w: 0.9943231}
  m_LocalPosition: {x: -0.2212347, y: 0, z: 1.192093E-07}
  m_LocalScale: {x: 1, y: 1, z: 1}
  m_Children:
  - {fileID: 4063298841214857}
  m_Father: {fileID: 4160682132447009}
  m_RootOrder: 0
  m_LocalEulerAnglesHint: {x: 0.3679256, y: -12.16705, z: -1.071349}
--- !u!1 &1816675149412090
GameObject:
  serializedVersion: 5
  m_Component:
  - component: {fileID: 4063298841214857}
  m_Layer: 0
  m_Name: Puppet_L_Hand
  m_TagString: Untagged
  m_Icon: {fileID: 0}
  m_NavMeshLayer: 0
  m_StaticEditorFlags: 0
  m_IsActive: 1
--- !u!4 &4063298841214857
Transform:
  m_GameObject: {fileID: 1816675149412090}
  m_LocalRotation: {x: 0.804373, y: 0.04927632, z: 0.07160922, w: 0.5877313}
  m_LocalPosition: {x: -0.2432806, y: 2.980232E-08, z: -2.384186E-07}
  m_LocalScale: {x: 1, y: 1, z: 1}
  m_Children: []
  m_Father: {fileID: 4758477557907090}
  m_RootOrder: 0
  m_LocalEulerAnglesHint: {x: 107.4203, y: 3.283617, z: -9.422643}
--- !u!1 &1873412764537711
GameObject:
  serializedVersion: 5
  m_Component:
  - component: {fileID: 4385052779450908}
  m_Layer: 0
  m_Name: Puppet_R_UpperArm
  m_TagString: Untagged
  m_Icon: {fileID: 0}
  m_NavMeshLayer: 0
  m_StaticEditorFlags: 0
  m_IsActive: 1
--- !u!4 &4385052779450908
Transform:
  m_GameObject: {fileID: 1873412764537711}
  m_LocalRotation: {x: 0.5865654, y: 0.1354572, z: 0.7928342, w: -0.09490146}
  m_LocalPosition: {x: -0.1825621, y: 0.01219373, z: -0.8663152}
  m_LocalScale: {x: 0.9999999, y: 1, z: 1}
  m_Children:
  - {fileID: 4125143915322563}
  m_Father: {fileID: 4095934131628708}
  m_RootOrder: 2
  m_LocalEulerAnglesHint: {x: 20.60424, y: 72.903, z: -178.3575}
--- !u!1 &1288262189219181
GameObject:
  serializedVersion: 5
  m_Component:
  - component: {fileID: 4125143915322563}
  m_Layer: 0
  m_Name: Puppet_R_UpperArm1
  m_TagString: Untagged
  m_Icon: {fileID: 0}
  m_NavMeshLayer: 0
  m_StaticEditorFlags: 0
  m_IsActive: 1
--- !u!4 &4125143915322563
Transform:
  m_GameObject: {fileID: 1288262189219181}
  m_LocalRotation: {x: 0.0006958605, y: 0.1552542, z: -0.07156552, w: 0.9852787}
  m_LocalPosition: {x: -0.3047841, y: 0, z: -1.192093E-07}
  m_LocalScale: {x: 1, y: 1, z: 1}
  m_Children:
  - {fileID: 4581330775101620}
  m_Father: {fileID: 4385052779450908}
  m_RootOrder: 0
  m_LocalEulerAnglesHint: {x: -1.254952, y: -17.82056, z: 8.505502}
--- !u!1 &1110563758600326
GameObject:
  serializedVersion: 5
  m_Component:
  - component: {fileID: 4581330775101620}
  m_Layer: 0
  m_Name: Puppet_R_Forearm
  m_TagString: Untagged
  m_Icon: {fileID: 0}
  m_NavMeshLayer: 0
  m_StaticEditorFlags: 0
  m_IsActive: 1
--- !u!4 &4581330775101620
Transform:
  m_GameObject: {fileID: 1110563758600326}
  m_LocalRotation: {x: -0.001202113, y: 0.1856074, z: -0.007429707, w: 0.9825952}
  m_LocalPosition: {x: -0.266481, y: 0, z: 0}
  m_LocalScale: {x: 0.9999999, y: 0.9999999, z: 0.9999999}
  m_Children:
  - {fileID: 4021309733675824}
  m_Father: {fileID: 4125143915322563}
  m_RootOrder: 0
  m_LocalEulerAnglesHint: {x: -0.3150845, y: -21.39133, z: 0.9259571}
--- !u!1 &1706422998575252
GameObject:
  serializedVersion: 5
  m_Component:
  - component: {fileID: 4021309733675824}
  m_Layer: 0
  m_Name: Puppet_R_Forearm1
  m_TagString: Untagged
  m_Icon: {fileID: 0}
  m_NavMeshLayer: 0
  m_StaticEditorFlags: 0
  m_IsActive: 1
--- !u!4 &4021309733675824
Transform:
  m_GameObject: {fileID: 1706422998575252}
  m_LocalRotation: {x: -0.00163865, y: 0.09713773, z: -0.005836023, w: 0.9952525}
  m_LocalPosition: {x: -0.222291, y: -2.980232E-08, z: 1.192093E-07}
  m_LocalScale: {x: 0.9999999, y: 0.9999998, z: 1}
  m_Children:
  - {fileID: 4906249791179533}
  m_Father: {fileID: 4581330775101620}
  m_RootOrder: 0
  m_LocalEulerAnglesHint: {x: -0.2566896, y: -11.14742, z: 0.6969911}
--- !u!1 &1082353287115978
GameObject:
  serializedVersion: 5
  m_Component:
  - component: {fileID: 4906249791179533}
  m_Layer: 0
  m_Name: Puppet_R_Hand
  m_TagString: Untagged
  m_Icon: {fileID: 0}
  m_NavMeshLayer: 0
  m_StaticEditorFlags: 0
  m_IsActive: 1
--- !u!4 &4906249791179533
Transform:
  m_GameObject: {fileID: 1082353287115978}
  m_LocalRotation: {x: 0.5868791, y: -0.06619322, z: -0.05664146, w: 0.804974}
  m_LocalPosition: {x: -0.2429045, y: -5.960464E-08, z: -2.384186E-07}
  m_LocalScale: {x: 0.9999999, y: 0.9999999, z: 1}
  m_Children:
  - {fileID: 4546961653731273}
  m_Father: {fileID: 4021309733675824}
  m_RootOrder: 0
  m_LocalEulerAnglesHint: {x: 72.38461, y: 2.297273, z: 9.730873}
--- !u!1 &1030029671861966
GameObject:
  serializedVersion: 5
  m_Component:
  - component: {fileID: 4546961653731273}
  m_Layer: 0
  m_Name: Puppet_Bat
  m_TagString: Untagged
  m_Icon: {fileID: 0}
  m_NavMeshLayer: 0
  m_StaticEditorFlags: 0
  m_IsActive: 1
--- !u!4 &4546961653731273
Transform:
  m_GameObject: {fileID: 1030029671861966}
  m_LocalRotation: {x: 0.1260061, y: 0.712872, z: -0.1343441, w: 0.6766739}
  m_LocalPosition: {x: 0.3549556, y: 0.3789301, z: 0.09766503}
  m_LocalScale: {x: 0.9999999, y: 0.9999999, z: 0.9999996}
  m_Children: []
  m_Father: {fileID: 4906249791179533}
  m_RootOrder: 0
  m_LocalEulerAnglesHint: {x: -156.4165, y: -86.98978, z: 177.6407}
--- !u!1 &1535653807884862
GameObject:
  serializedVersion: 5
  m_Component:
  - component: {fileID: 4246457874911583}
  m_Layer: 0
  m_Name: Puppet_Root
  m_TagString: Untagged
  m_Icon: {fileID: 0}
  m_NavMeshLayer: 0
  m_StaticEditorFlags: 0
  m_IsActive: 1
--- !u!4 &4246457874911583
Transform:
  m_GameObject: {fileID: 1535653807884862}
  m_LocalRotation: {x: -0.7071068, y: 0, z: 0, w: 0.7071068}
  m_LocalPosition: {x: 0, y: 0, z: 0}
  m_LocalScale: {x: 1, y: 1, z: 1}
  m_Children: []
  m_Father: {fileID: 4856977850588419}
  m_RootOrder: 1
  m_LocalEulerAnglesHint: {x: -90, y: 0, z: 0}
--- !u!1 &1008000662407543
GameObject:
  serializedVersion: 5
  m_Component:
  - component: {fileID: 4502879329308012}
  - component: {fileID: 137187148550274517}
  m_Layer: 0
  m_Name: TeethLeaf
  m_TagString: Untagged
  m_Icon: {fileID: 0}
  m_NavMeshLayer: 0
  m_StaticEditorFlags: 0
  m_IsActive: 1
--- !u!4 &4502879329308012
Transform:
  m_GameObject: {fileID: 1008000662407543}
  m_LocalRotation: {x: -0.7071068, y: 0, z: 0, w: 0.7071068}
  m_LocalPosition: {x: -3.983267E-06, y: 0, z: 0}
  m_LocalScale: {x: 1, y: 1, z: 1}
  m_Children: []
  m_Father: {fileID: 4856977850588419}
  m_RootOrder: 2
  m_LocalEulerAnglesHint: {x: -90, y: 0, z: 0}
--- !u!137 &137187148550274517
SkinnedMeshRenderer:
  m_GameObject: {fileID: 1008000662407543}
  m_Enabled: 1
  m_CastShadows: 1
  m_ReceiveShadows: 1
  m_DynamicOccludee: 1
  m_MotionVectors: 1
  m_LightProbeUsage: 0
  m_ReflectionProbeUsage: 1
  m_Materials:
  - {fileID: 2100000, guid: 508f84bb0f5f69a4089c0dde71e0c08b, type: 2}
  m_StaticBatchInfo:
    firstSubMesh: 0
    subMeshCount: 0
  m_StaticBatchRoot: {fileID: 0}
  m_ProbeAnchor: {fileID: 0}
  m_LightProbeVolumeOverride: {fileID: 0}
  m_ScaleInLightmap: 1
  m_PreserveUVs: 0
  m_IgnoreNormalsForChartDetection: 0
  m_ImportantGI: 0
  m_StitchLightmapSeams: 0
  m_SelectedEditorRenderState: 3
  m_MinimumChartSize: 4
  m_AutoUVMaxDistance: 0.5
  m_AutoUVMaxAngle: 89
  m_LightmapParameters: {fileID: 0}
  m_SortingLayerID: 0
  m_SortingLayer: 0
  m_SortingOrder: 0
  serializedVersion: 2
  m_Quality: 0
  m_UpdateWhenOffscreen: 0
  m_skinnedMotionVectors: 0
  m_Mesh: {fileID: 4300000, guid: 1e9092cadaa97ca45bdbe1509f3d3f86, type: 2}
  m_Bones:
  - {fileID: 4119825242900174}
  - {fileID: 4083696243468305}
  - {fileID: 4095934131628708}
  - {fileID: 4213488693979279}
  - {fileID: 4738053716302731}
  - {fileID: 4974132196049056}
  - {fileID: 4483726943558791}
  - {fileID: 4021309733675824}
  - {fileID: 4906249791179533}
  - {fileID: 4581330775101620}
  - {fileID: 4125143915322563}
  - {fileID: 4385052779450908}
  - {fileID: 4546961653731273}
  - {fileID: 4432436407572424}
  - {fileID: 4665071832476088}
  - {fileID: 4160682132447009}
  - {fileID: 4758477557907090}
  - {fileID: 4063298841214857}
  - {fileID: 4619316109017957}
  - {fileID: 4987508319298914}
  - {fileID: 4205851009819398}
  - {fileID: 4500966013913765}
  m_BlendShapeWeights: []
  m_RootBone: {fileID: 4083696243468305}
  m_AABB:
    m_Center: {x: -1.17379, y: 0.8720531, z: 0.001697898}
    m_Extent: {x: 1.459877, y: 1.0717, z: 1.678913}
  m_DirtyAABB: 0
--- !u!1 &1534423226686038
GameObject:
  serializedVersion: 5
  m_Component:
  - component: {fileID: 4152118658428163}
  - component: {fileID: 137027517757094873}
  m_Layer: 0
  m_Name: TeethLeaf_Outline
  m_TagString: Untagged
  m_Icon: {fileID: 0}
  m_NavMeshLayer: 0
  m_StaticEditorFlags: 0
  m_IsActive: 1
--- !u!4 &4152118658428163
Transform:
  m_GameObject: {fileID: 1534423226686038}
  m_LocalRotation: {x: -0.7071068, y: 0, z: 0, w: 0.7071068}
  m_LocalPosition: {x: -8.958671E-05, y: 0, z: 0}
  m_LocalScale: {x: 1, y: 1, z: 1}
  m_Children: []
  m_Father: {fileID: 4856977850588419}
  m_RootOrder: 3
  m_LocalEulerAnglesHint: {x: -90, y: 0, z: 0}
--- !u!137 &137027517757094873
SkinnedMeshRenderer:
  m_GameObject: {fileID: 1534423226686038}
  m_Enabled: 1
  m_CastShadows: 1
  m_ReceiveShadows: 1
  m_DynamicOccludee: 1
  m_MotionVectors: 1
  m_LightProbeUsage: 0
  m_ReflectionProbeUsage: 1
  m_Materials:
  - {fileID: 2100000, guid: 508f84bb0f5f69a4089c0dde71e0c08b, type: 2}
  m_StaticBatchInfo:
    firstSubMesh: 0
    subMeshCount: 0
  m_StaticBatchRoot: {fileID: 0}
  m_ProbeAnchor: {fileID: 0}
  m_LightProbeVolumeOverride: {fileID: 0}
  m_ScaleInLightmap: 1
  m_PreserveUVs: 0
  m_IgnoreNormalsForChartDetection: 0
  m_ImportantGI: 0
  m_StitchLightmapSeams: 0
  m_SelectedEditorRenderState: 3
  m_MinimumChartSize: 4
  m_AutoUVMaxDistance: 0.5
  m_AutoUVMaxAngle: 89
  m_LightmapParameters: {fileID: 0}
  m_SortingLayerID: 0
  m_SortingLayer: 0
  m_SortingOrder: 0
  serializedVersion: 2
  m_Quality: 0
  m_UpdateWhenOffscreen: 0
  m_skinnedMotionVectors: 0
  m_Mesh: {fileID: 4300000, guid: c6f76b557f46efb4797bd9bf0dab2098, type: 2}
  m_Bones:
  - {fileID: 4083696243468305}
  - {fileID: 4119825242900174}
  - {fileID: 4095934131628708}
  - {fileID: 4213488693979279}
  - {fileID: 4738053716302731}
  - {fileID: 4974132196049056}
  - {fileID: 4483726943558791}
  - {fileID: 4021309733675824}
  - {fileID: 4906249791179533}
  - {fileID: 4581330775101620}
  - {fileID: 4125143915322563}
  - {fileID: 4385052779450908}
  - {fileID: 4546961653731273}
  - {fileID: 4432436407572424}
  - {fileID: 4665071832476088}
  - {fileID: 4160682132447009}
  - {fileID: 4758477557907090}
  - {fileID: 4063298841214857}
  - {fileID: 4619316109017957}
  - {fileID: 4987508319298914}
  - {fileID: 4500966013913765}
  - {fileID: 4205851009819398}
  m_BlendShapeWeights: []
  m_RootBone: {fileID: 4083696243468305}
  m_AABB:
    m_Center: {x: -1.175846, y: 0.8742504, z: 0.001697779}
    m_Extent: {x: 1.481154, y: 1.083444, z: 1.702148}
  m_DirtyAABB: 0
