%YAML 1.1
%TAG !u! tag:unity3d.com,2011:
--- !u!1001 &100100000
Prefab:
  serializedVersion: 2
  m_Modification:
    m_TransformParent: {fileID: 0}
    m_Modifications: []
    m_RemovedComponents: []
  m_ParentPrefab: {fileID: 0}
  m_RootGameObject: {fileID: 1715333320550936}
  m_IsPrefabParent: 1
--- !u!1 &1715333320550936
GameObject:
  serializedVersion: 5
  m_Component:
  - component: {fileID: 4054608024858155}
  - component: {fileID: 111537295582137580}
  - component: {fileID: 114657969024179901}
  - component: {fileID: 114422655389932586}
  - component: {fileID: 82222255133556151}
  - component: {fileID: 114195053857677017}
  - component: {fileID: 114753449768024340}
  m_Layer: 0
  m_Name: WizardOfPoo
  m_TagString: Untagged
  m_Icon: {fileID: 0}
  m_NavMeshLayer: 0
  m_StaticEditorFlags: 0
  m_IsActive: 1
--- !u!4 &4054608024858155
Transform:
  m_GameObject: {fileID: 1715333320550936}
  m_LocalRotation: {x: 0, y: 0, z: 0, w: 1}
  m_LocalPosition: {x: 0, y: 0, z: 0}
  m_LocalScale: {x: 1, y: 1, z: 1}
  m_Children:
  - {fileID: 4465940899419201}
  - {fileID: 4797309398814987}
  - {fileID: 4680871651334898}
  - {fileID: 4717624990850702}
  m_Father: {fileID: 0}
  m_RootOrder: 0
  m_LocalEulerAnglesHint: {x: 0, y: 0, z: 0}
--- !u!111 &111537295582137580
Animation:
  m_GameObject: {fileID: 1715333320550936}
  m_Enabled: 1
  serializedVersion: 3
  m_Animation: {fileID: 0}
  m_Animations:
  - {fileID: 7400000, guid: 3e32fffa3d4e65440bec41b6ecebd827, type: 2}
  - {fileID: 7400000, guid: 5d2d75dab7b9eca42a2620eb2c7e72af, type: 2}
  - {fileID: 7400000, guid: 316eb1bea4764dd468c42b22089931c9, type: 2}
  - {fileID: 7400000, guid: e84bef836c2ecd54da4577a9ef1eaf8f, type: 2}
  - {fileID: 7400000, guid: 2e0c4e004a66bb84aaee5942cf107dc0, type: 2}
  - {fileID: 7400000, guid: 9a239176375c85f40a4f4f846f435f4c, type: 2}
  - {fileID: 7400000, guid: d57db057cb8641d42a36f78cfdbc042b, type: 2}
  - {fileID: 7400000, guid: 11cc4faff5e3e1c4ebc0e5ebf0cff9ed, type: 2}
  m_WrapMode: 0
  m_PlayAutomatically: 0
  m_AnimatePhysics: 0
  m_CullingType: 1
--- !u!114 &114657969024179901
MonoBehaviour:
  m_GameObject: {fileID: 1715333320550936}
  m_Enabled: 1
  m_EditorHideFlags: 0
  m_Script: {fileID: 11500000, guid: 6e747496cc7150a4d9a99cc04d45a720, type: 3}
  m_Name:
  m_EditorClassIdentifier:
  tutorial_ID:
  VOClip: {fileID: 0}
  VOLength: 0
  onlyOnce: 0
--- !u!114 &114422655389932586
MonoBehaviour:
  m_GameObject: {fileID: 1715333320550936}
  m_Enabled: 1
  m_EditorHideFlags: 0
  m_Script: {fileID: 11500000, guid: 203ebd45b8aad6940846389310fb33f6, type: 3}
  m_Name:
  m_EditorClassIdentifier:
  SpawnEffect: {fileID: 0}
  SpawnAudio: {fileID: 8300000, guid: e6cb83663504e2049abf86db3e9772ee, type: 3}
  SpawnAudioDelaySecs: 0
  Intro: WizardOfPoo_Intro
  Idle: WizardOfPoo_Idle
  IntroLength: 1.9
  hpBar: {fileID: 0}
--- !u!82 &82222255133556151
AudioSource:
  m_GameObject: {fileID: 1715333320550936}
  m_Enabled: 1
  serializedVersion: 4
  OutputAudioMixerGroup: {fileID: 0}
  m_audioClip: {fileID: 0}
  m_PlayOnAwake: 0
  m_Volume: 1
  m_Pitch: 1
  Loop: 0
  Mute: 0
  Spatialize: 0
  SpatializePostEffects: 0
  Priority: 128
  DopplerLevel: 1
  MinDistance: 1
  MaxDistance: 500
  Pan2D: 0
  rolloffMode: 0
  BypassEffects: 0
  BypassListenerEffects: 0
  BypassReverbZones: 0
  rolloffCustomCurve:
    serializedVersion: 2
    m_Curve:
    - serializedVersion: 2
      time: 0
      value: 1
      inSlope: 0
      outSlope: 0
      tangentMode: 0
    - serializedVersion: 2
      time: 1
      value: 0
      inSlope: 0
      outSlope: 0
      tangentMode: 0
    m_PreInfinity: 2
    m_PostInfinity: 2
    m_RotationOrder: 0
  panLevelCustomCurve:
    serializedVersion: 2
    m_Curve:
    - serializedVersion: 2
      time: 0
      value: 0
      inSlope: 0
      outSlope: 0
      tangentMode: 0
    m_PreInfinity: 2
    m_PostInfinity: 2
    m_RotationOrder: 0
  spreadCustomCurve:
    serializedVersion: 2
    m_Curve:
    - serializedVersion: 2
      time: 0
      value: 0
      inSlope: 0
      outSlope: 0
      tangentMode: 0
    m_PreInfinity: 2
    m_PostInfinity: 2
    m_RotationOrder: 0
  reverbZoneMixCustomCurve:
    serializedVersion: 2
    m_Curve:
    - serializedVersion: 2
      time: 0
      value: 1
      inSlope: 0
      outSlope: 0
      tangentMode: 0
    m_PreInfinity: 2
    m_PostInfinity: 2
    m_RotationOrder: 0
--- !u!114 &114195053857677017
MonoBehaviour:
  m_GameObject: {fileID: 1715333320550936}
  m_Enabled: 1
  m_EditorHideFlags: 0
  m_Script: {fileID: 11500000, guid: 816f303b97b032a4d9e1a96b34158d44, type: 3}
  m_Name:
  m_EditorClassIdentifier:
  Tombstone: {fileID: 0}
  Timer: 0
  Idle:
  RemoveTombstone: 0
  DamageDealt: 0
  Flooped: 0
  Crash: 0
--- !u!114 &114753449768024340
MonoBehaviour:
  m_GameObject: {fileID: 1715333320550936}
  m_Enabled: 1
  m_EditorHideFlags: 0
  m_Script: {fileID: 11500000, guid: 9390b1f887e33a34caef2ef05f3f87a5, type: 3}
  m_Name:
  m_EditorClassIdentifier:
  animTarget: {fileID: 0}
  animName:
--- !u!1 &1197815814798130
GameObject:
  serializedVersion: 5
  m_Component:
  - component: {fileID: 4465940899419201}
  m_Layer: 0
  m_Name: Puppet_Global
  m_TagString: Untagged
  m_Icon: {fileID: 0}
  m_NavMeshLayer: 0
  m_StaticEditorFlags: 0
  m_IsActive: 1
--- !u!4 &4465940899419201
Transform:
  m_GameObject: {fileID: 1197815814798130}
  m_LocalRotation: {x: 0.4999997, y: -0.4999997, z: -0.5000004, w: 0.5000004}
  m_LocalPosition: {x: 0, y: 0.5745251, z: 1.751616E-06}
  m_LocalScale: {x: 1, y: 1, z: 1}
  m_Children:
  - {fileID: 4543876448063236}
  m_Father: {fileID: 4054608024858155}
  m_RootOrder: 0
  m_LocalEulerAnglesHint: {x: 89.99992, y: 0, z: 90}
--- !u!1 &1308986011451176
GameObject:
  serializedVersion: 5
  m_Component:
  - component: {fileID: 4543876448063236}
  m_Layer: 0
  m_Name: Puppet_Base
  m_TagString: Untagged
  m_Icon: {fileID: 0}
  m_NavMeshLayer: 0
  m_StaticEditorFlags: 0
  m_IsActive: 1
--- !u!4 &4543876448063236
Transform:
  m_GameObject: {fileID: 1308986011451176}
  m_LocalRotation: {x: -3.178631E-08, y: 1, z: 1.22416E-06, w: 3.278255E-07}
  m_LocalPosition: {x: 1.505678, y: -3.111219E-07, z: 4.17232E-07}
  m_LocalScale: {x: 0.9999999, y: 1, z: 0.9999999}
  m_Children:
  - {fileID: 4259747766168341}
  m_Father: {fileID: 4465940899419201}
  m_RootOrder: 0
  m_LocalEulerAnglesHint: {x: 179.9999, y: -3.756604E-05, z: 180}
--- !u!1 &1765195457654361
GameObject:
  serializedVersion: 5
  m_Component:
  - component: {fileID: 4259747766168341}
  m_Layer: 0
  m_Name: Puppet_Bulb
  m_TagString: Untagged
  m_Icon: {fileID: 0}
  m_NavMeshLayer: 0
  m_StaticEditorFlags: 0
  m_IsActive: 1
--- !u!4 &4259747766168341
Transform:
  m_GameObject: {fileID: 1765195457654361}
  m_LocalRotation: {x: 4.226709E-08, y: 6.705518E-07, z: 4.768376E-07, w: 1}
  m_LocalPosition: {x: -1.090859, y: -4.067614E-07, z: 5.364087E-07}
  m_LocalScale: {x: 1, y: 1, z: 1}
  m_Children:
  - {fileID: 4990594228429145}
  m_Father: {fileID: 4543876448063236}
  m_RootOrder: 0
  m_LocalEulerAnglesHint: {x: 4.843489E-06, y: -7.683958E-05, z: -5.464156E-05}
--- !u!1 &1343335432715342
GameObject:
  serializedVersion: 5
  m_Component:
  - component: {fileID: 4990594228429145}
  m_Layer: 0
  m_Name: Puppet_Head
  m_TagString: Untagged
  m_Icon: {fileID: 0}
  m_NavMeshLayer: 0
  m_StaticEditorFlags: 0
  m_IsActive: 1
--- !u!4 &4990594228429145
Transform:
  m_GameObject: {fileID: 1343335432715342}
  m_LocalRotation: {x: 0.5000004, y: -0.5000002, z: -0.5, w: 0.4999996}
  m_LocalPosition: {x: 0.5738618, y: -0.000391758, z: 0.0002401426}
  m_LocalScale: {x: 1, y: 1, z: 1}
  m_Children: []
  m_Father: {fileID: 4259747766168341}
  m_RootOrder: 0
  m_LocalEulerAnglesHint: {x: 90.00005, y: -3.073585E-05, z: 90.00001}
--- !u!1 &1034913581807402
GameObject:
  serializedVersion: 5
  m_Component:
  - component: {fileID: 4797309398814987}
  m_Layer: 0
  m_Name: Puppet_Root
  m_TagString: Untagged
  m_Icon: {fileID: 0}
  m_NavMeshLayer: 0
  m_StaticEditorFlags: 0
  m_IsActive: 1
--- !u!4 &4797309398814987
Transform:
  m_GameObject: {fileID: 1034913581807402}
  m_LocalRotation: {x: -0.7071068, y: -2.669254E-08, z: -2.669254E-08, w: 0.7071068}
  m_LocalPosition: {x: 0, y: 0, z: 0}
  m_LocalScale: {x: 1, y: 1, z: 1}
  m_Children: []
  m_Father: {fileID: 4054608024858155}
  m_RootOrder: 1
  m_LocalEulerAnglesHint: {x: -90, y: 4.325711E-06, z: 0}
--- !u!1 &1056129132020053
GameObject:
  serializedVersion: 5
  m_Component:
  - component: {fileID: 4680871651334898}
  - component: {fileID: 137832347945512573}
  m_Layer: 0
  m_Name: WizardOfPoo
  m_TagString: Untagged
  m_Icon: {fileID: 0}
  m_NavMeshLayer: 0
  m_StaticEditorFlags: 0
  m_IsActive: 1
--- !u!4 &4680871651334898
Transform:
  m_GameObject: {fileID: 1056129132020053}
  m_LocalRotation: {x: -0.7071068, y: 6.181725E-08, z: 6.181725E-08, w: 0.7071068}
  m_LocalPosition: {x: 0, y: 0, z: 0}
  m_LocalScale: {x: 1, y: 1, z: 1}
  m_Children: []
  m_Father: {fileID: 4054608024858155}
  m_RootOrder: 2
  m_LocalEulerAnglesHint: {x: -90, y: -1.001791E-05, z: 0}
--- !u!137 &137832347945512573
SkinnedMeshRenderer:
  m_GameObject: {fileID: 1056129132020053}
  m_Enabled: 1
  m_CastShadows: 1
  m_ReceiveShadows: 1
  m_DynamicOccludee: 1
  m_MotionVectors: 1
  m_LightProbeUsage: 0
  m_ReflectionProbeUsage: 1
  m_Materials:
  - {fileID: 2100000, guid: aa0526c358604e54d903e2b506c4755c, type: 2}
  m_StaticBatchInfo:
    firstSubMesh: 0
    subMeshCount: 0
  m_StaticBatchRoot: {fileID: 0}
  m_ProbeAnchor: {fileID: 0}
  m_LightProbeVolumeOverride: {fileID: 0}
  m_ScaleInLightmap: 1
  m_PreserveUVs: 0
  m_IgnoreNormalsForChartDetection: 0
  m_ImportantGI: 0
  m_StitchLightmapSeams: 0
  m_SelectedEditorRenderState: 3
  m_MinimumChartSize: 4
  m_AutoUVMaxDistance: 0.5
  m_AutoUVMaxAngle: 89
  m_LightmapParameters: {fileID: 0}
  m_SortingLayerID: 0
  m_SortingLayer: 0
  m_SortingOrder: 0
  serializedVersion: 2
  m_Quality: 0
  m_UpdateWhenOffscreen: 0
  m_skinnedMotionVectors: 0
  m_Mesh: {fileID: 4300000, guid: 3c2c1be535ee466498ae32b184c2b87d, type: 2}
  m_Bones:
  - {fileID: 4465940899419201}
  - {fileID: 4990594228429145}
  - {fileID: 4543876448063236}
  - {fileID: 4259747766168341}
  m_BlendShapeWeights: []
  m_RootBone: {fileID: 4465940899419201}
  m_AABB:
    m_Center: {x: 2.509821, y: -2.264977E-06, z: -0.002124369}
    m_Extent: {x: 1.009397, y: 0.798992, z: 0.7989917}
  m_DirtyAABB: 0
--- !u!1 &1299084714920978
GameObject:
  serializedVersion: 5
  m_Component:
  - component: {fileID: 4717624990850702}
  - component: {fileID: 137925071412467863}
  m_Layer: 0
  m_Name: WizardOfPoo_Outline
  m_TagString: Untagged
  m_Icon: {fileID: 0}
  m_NavMeshLayer: 0
  m_StaticEditorFlags: 0
  m_IsActive: 1
--- !u!4 &4717624990850702
Transform:
  m_GameObject: {fileID: 1299084714920978}
  m_LocalRotation: {x: -0.7071068, y: 6.181725E-08, z: 6.181725E-08, w: 0.7071068}
  m_LocalPosition: {x: 0, y: 0, z: 0}
  m_LocalScale: {x: 1, y: 1, z: 1}
  m_Children: []
  m_Father: {fileID: 4054608024858155}
  m_RootOrder: 3
  m_LocalEulerAnglesHint: {x: -90, y: -1.001791E-05, z: 0}
--- !u!137 &137925071412467863
SkinnedMeshRenderer:
  m_GameObject: {fileID: 1299084714920978}
  m_Enabled: 1
  m_CastShadows: 1
  m_ReceiveShadows: 1
  m_DynamicOccludee: 1
  m_MotionVectors: 1
  m_LightProbeUsage: 0
  m_ReflectionProbeUsage: 1
  m_Materials:
  - {fileID: 2100000, guid: aa0526c358604e54d903e2b506c4755c, type: 2}
  m_StaticBatchInfo:
    firstSubMesh: 0
    subMeshCount: 0
  m_StaticBatchRoot: {fileID: 0}
  m_ProbeAnchor: {fileID: 0}
  m_LightProbeVolumeOverride: {fileID: 0}
  m_ScaleInLightmap: 1
  m_PreserveUVs: 0
  m_IgnoreNormalsForChartDetection: 0
  m_ImportantGI: 0
  m_StitchLightmapSeams: 0
  m_SelectedEditorRenderState: 3
  m_MinimumChartSize: 4
  m_AutoUVMaxDistance: 0.5
  m_AutoUVMaxAngle: 89
  m_LightmapParameters: {fileID: 0}
  m_SortingLayerID: 0
  m_SortingLayer: 0
  m_SortingOrder: 0
  serializedVersion: 2
  m_Quality: 0
  m_UpdateWhenOffscreen: 0
  m_skinnedMotionVectors: 0
  m_Mesh: {fileID: 4300000, guid: 7f7fbe82f347d1949b94a5d51fa6967b, type: 2}
  m_Bones:
  - {fileID: 4465940899419201}
  - {fileID: 4990594228429145}
  - {fileID: 4259747766168341}
  - {fileID: 4543876448063236}
  m_BlendShapeWeights: []
  m_RootBone: {fileID: 4465940899419201}
  m_AABB:
    m_Center: {x: 2.507972, y: -2.264977E-06, z: -0.002124429}
    m_Extent: {x: 1.026707, y: 0.8144525, z: 0.8144522}
  m_DirtyAABB: 0
