%YAML 1.1
%TAG !u! tag:unity3d.com,2011:
--- !u!1001 &100100000
Prefab:
  serializedVersion: 2
  m_Modification:
    m_TransformParent: {fileID: 0}
    m_Modifications: []
    m_RemovedComponents: []
  m_ParentPrefab: {fileID: 0}
  m_RootGameObject: {fileID: 1898330267306800}
  m_IsPrefabParent: 1
--- !u!1 &1898330267306800
GameObject:
  serializedVersion: 5
  m_Component:
  - component: {fileID: 4326632718085660}
  - component: {fileID: 114901254002986201}
  - component: {fileID: 82196468075135546}
  - component: {fileID: 111505006119371833}
  - component: {fileID: 114599276544861377}
  m_Layer: 0
  m_Name: NicelandsTower
  m_TagString: Untagged
  m_Icon: {fileID: 0}
  m_NavMeshLayer: 0
  m_StaticEditorFlags: 0
  m_IsActive: 1
--- !u!4 &4326632718085660
Transform:
  m_GameObject: {fileID: 1898330267306800}
  m_LocalRotation: {x: 0, y: 0, z: 0, w: 1}
  m_LocalPosition: {x: 0.7179252, y: -5.431395, z: 0.630331}
  m_LocalScale: {x: 1, y: 1, z: 1}
  m_Children:
  - {fileID: 4981851927956281}
  m_Father: {fileID: 0}
  m_RootOrder: 0
  m_LocalEulerAnglesHint: {x: 0, y: 0, z: 0}
--- !u!114 &114901254002986201
MonoBehaviour:
  m_GameObject: {fileID: 1898330267306800}
  m_Enabled: 1
  m_EditorHideFlags: 0
  m_Script: {fileID: 11500000, guid: 203ebd45b8aad6940846389310fb33f6, type: 3}
  m_Name:
  m_EditorClassIdentifier:
  SpawnEffect: {fileID: 1366283105970076, guid: ab6cba54d12eae345a85deb1339401c4, type: 2}
  SpawnAudio: {fileID: 0}
  SpawnAudioDelaySecs: 0
  Intro:
  Idle:
  IntroLength: 3
  hpBar: {fileID: 0}
--- !u!82 &82196468075135546
AudioSource:
  m_GameObject: {fileID: 1898330267306800}
  m_Enabled: 1
  serializedVersion: 4
  OutputAudioMixerGroup: {fileID: 0}
  m_audioClip: {fileID: 0}
  m_PlayOnAwake: 0
  m_Volume: 1
  m_Pitch: 1
  Loop: 0
  Mute: 0
  Spatialize: 0
  SpatializePostEffects: 0
  Priority: 128
  DopplerLevel: 1
  MinDistance: 1
  MaxDistance: 500
  Pan2D: 0
  rolloffMode: 0
  BypassEffects: 0
  BypassListenerEffects: 0
  BypassReverbZones: 0
  rolloffCustomCurve:
    serializedVersion: 2
    m_Curve:
    - serializedVersion: 2
      time: 0
      value: 1
      inSlope: 0
      outSlope: 0
      tangentMode: 0
    - serializedVersion: 2
      time: 1
      value: 0
      inSlope: 0
      outSlope: 0
      tangentMode: 0
    m_PreInfinity: 2
    m_PostInfinity: 2
    m_RotationOrder: 0
  panLevelCustomCurve:
    serializedVersion: 2
    m_Curve:
    - serializedVersion: 2
      time: 0
      value: 0
      inSlope: 0
      outSlope: 0
      tangentMode: 0
    m_PreInfinity: 2
    m_PostInfinity: 2
    m_RotationOrder: 0
  spreadCustomCurve:
    serializedVersion: 2
    m_Curve:
    - serializedVersion: 2
      time: 0
      value: 0
      inSlope: 0
      outSlope: 0
      tangentMode: 0
    m_PreInfinity: 2
    m_PostInfinity: 2
    m_RotationOrder: 0
  reverbZoneMixCustomCurve:
    serializedVersion: 2
    m_Curve:
    - serializedVersion: 2
      time: 0
      value: 1
      inSlope: 0
      outSlope: 0
      tangentMode: 0
    m_PreInfinity: 2
    m_PostInfinity: 2
    m_RotationOrder: 0
--- !u!111 &111505006119371833
Animation:
  m_GameObject: {fileID: 1898330267306800}
  m_Enabled: 1
  serializedVersion: 3
  m_Animation: {fileID: 0}
  m_Animations:
  - {fileID: 7400000, guid: d57db057cb8641d42a36f78cfdbc042b, type: 2}
  - {fileID: 7400000, guid: 2e0c4e004a66bb84aaee5942cf107dc0, type: 2}
  m_WrapMode: 0
  m_PlayAutomatically: 1
  m_AnimatePhysics: 0
  m_CullingType: 0
--- !u!114 &114599276544861377
MonoBehaviour:
  m_GameObject: {fileID: 1898330267306800}
  m_Enabled: 1
  m_EditorHideFlags: 0
  m_Script: {fileID: 11500000, guid: 3cac1cc0bfaa4bc44958ba7c292f0474, type: 3}
  m_Name:
  m_EditorClassIdentifier:
  abilityFX: {fileID: 1478361012473522, guid: c747d3df30287ac42829289715e93724, type: 2}
  abilitySound: {fileID: 0}
--- !u!1 &1915950511868035
GameObject:
  serializedVersion: 5
  m_Component:
  - component: {fileID: 4981851927956281}
  - component: {fileID: 111465329032640926}
  m_Layer: 0
  m_Name: ClockTower
  m_TagString: Untagged
  m_Icon: {fileID: 0}
  m_NavMeshLayer: 0
  m_StaticEditorFlags: 0
  m_IsActive: 1
--- !u!4 &4981851927956281
Transform:
  m_GameObject: {fileID: 1915950511868035}
  m_LocalRotation: {x: 0, y: 0, z: 0, w: 1}
  m_LocalPosition: {x: 0, y: 0, z: 0}
  m_LocalScale: {x: 1, y: 1, z: 1}
  m_Children:
  - {fileID: 4320240407632133}
  - {fileID: 4930989685019641}
  m_Father: {fileID: 4326632718085660}
  m_RootOrder: 0
  m_LocalEulerAnglesHint: {x: 0, y: 0, z: 0}
--- !u!111 &111465329032640926
Animation:
  m_GameObject: {fileID: 1915950511868035}
  m_Enabled: 1
  serializedVersion: 3
  m_Animation: {fileID: 0}
  m_Animations:
  - {fileID: 0}
  m_WrapMode: 0
  m_PlayAutomatically: 1
  m_AnimatePhysics: 0
  m_CullingType: 0
--- !u!1 &1532635214157399
GameObject:
  serializedVersion: 5
  m_Component:
  - component: {fileID: 4320240407632133}
  - component: {fileID: 33920720329794865}
  - component: {fileID: 23482498004868590}
  m_Layer: 0
  m_Name: ClockTower
  m_TagString: Untagged
  m_Icon: {fileID: 0}
  m_NavMeshLayer: 0
  m_StaticEditorFlags: 0
  m_IsActive: 1
--- !u!4 &4320240407632133
Transform:
  m_GameObject: {fileID: 1532635214157399}
  m_LocalRotation: {x: -0.7071068, y: 0, z: 0, w: 0.7071068}
  m_LocalPosition: {x: 0, y: 0, z: 0}
  m_LocalScale: {x: 0.03043647, y: 0.03043647, z: 0.03043647}
  m_Children: []
  m_Father: {fileID: 4981851927956281}
  m_RootOrder: 0
  m_LocalEulerAnglesHint: {x: -90, y: 0, z: 0}
--- !u!33 &33920720329794865
MeshFilter:
  m_GameObject: {fileID: 1532635214157399}
  m_Mesh: {fileID: 4300000, guid: fe056090cc353a8418f5a0c5c10dc94b, type: 2}
--- !u!23 &23482498004868590
MeshRenderer:
  m_GameObject: {fileID: 1532635214157399}
  m_Enabled: 1
  m_CastShadows: 1
  m_ReceiveShadows: 1
  m_DynamicOccludee: 1
  m_MotionVectors: 1
  m_LightProbeUsage: 0
  m_ReflectionProbeUsage: 1
  m_Materials:
  - {fileID: 2100000, guid: 8e3b5e9176c1580408e58edd6048ae63, type: 2}
  m_StaticBatchInfo:
    firstSubMesh: 0
    subMeshCount: 0
  m_StaticBatchRoot: {fileID: 0}
  m_ProbeAnchor: {fileID: 0}
  m_LightProbeVolumeOverride: {fileID: 0}
  m_ScaleInLightmap: 1
  m_PreserveUVs: 0
  m_IgnoreNormalsForChartDetection: 0
  m_ImportantGI: 0
  m_StitchLightmapSeams: 0
  m_SelectedEditorRenderState: 3
  m_MinimumChartSize: 4
  m_AutoUVMaxDistance: 0.5
  m_AutoUVMaxAngle: 89
  m_LightmapParameters: {fileID: 0}
  m_SortingLayerID: 0
  m_SortingLayer: 0
  m_SortingOrder: 0
--- !u!1 &1829828410946053
GameObject:
  serializedVersion: 5
  m_Component:
  - component: {fileID: 4930989685019641}
  - component: {fileID: 33695240417317355}
  - component: {fileID: 23850279676751177}
  m_Layer: 0
  m_Name: ClockTower_Outline
  m_TagString: Untagged
  m_Icon: {fileID: 0}
  m_NavMeshLayer: 0
  m_StaticEditorFlags: 0
  m_IsActive: 1
--- !u!4 &4930989685019641
Transform:
  m_GameObject: {fileID: 1829828410946053}
  m_LocalRotation: {x: -0.7071068, y: 0, z: 0, w: 0.7071068}
  m_LocalPosition: {x: 0, y: 0, z: 0}
  m_LocalScale: {x: 0.03043647, y: 0.03043647, z: 0.03043647}
  m_Children: []
  m_Father: {fileID: 4981851927956281}
  m_RootOrder: 1
  m_LocalEulerAnglesHint: {x: -90, y: 0, z: 0}
--- !u!33 &33695240417317355
MeshFilter:
  m_GameObject: {fileID: 1829828410946053}
  m_Mesh: {fileID: 4300000, guid: b5f3d110b0322704eb333896f3c9f6a1, type: 2}
--- !u!23 &23850279676751177
MeshRenderer:
  m_GameObject: {fileID: 1829828410946053}
  m_Enabled: 1
  m_CastShadows: 1
  m_ReceiveShadows: 1
  m_DynamicOccludee: 1
  m_MotionVectors: 1
  m_LightProbeUsage: 0
  m_ReflectionProbeUsage: 1
  m_Materials:
  - {fileID: 2100000, guid: 8e3b5e9176c1580408e58edd6048ae63, type: 2}
  m_StaticBatchInfo:
    firstSubMesh: 0
    subMeshCount: 0
  m_StaticBatchRoot: {fileID: 0}
  m_ProbeAnchor: {fileID: 0}
  m_LightProbeVolumeOverride: {fileID: 0}
  m_ScaleInLightmap: 1
  m_PreserveUVs: 0
  m_IgnoreNormalsForChartDetection: 0
  m_ImportantGI: 0
  m_StitchLightmapSeams: 0
  m_SelectedEditorRenderState: 3
  m_MinimumChartSize: 4
  m_AutoUVMaxDistance: 0.5
  m_AutoUVMaxAngle: 89
  m_LightmapParameters: {fileID: 0}
  m_SortingLayerID: 0
  m_SortingLayer: 0
  m_SortingOrder: 0
