%YAML 1.1
%TAG !u! tag:unity3d.com,2011:
--- !u!1001 &100100000
Prefab:
  serializedVersion: 2
  m_Modification:
    m_TransformParent: {fileID: 0}
    m_Modifications: []
    m_RemovedComponents: []
  m_ParentPrefab: {fileID: 0}
  m_RootGameObject: {fileID: 1256403567194206}
  m_IsPrefabParent: 1
--- !u!1 &1256403567194206
GameObject:
  serializedVersion: 5
  m_Component:
  - component: {fileID: 4979607534755267}
  - component: {fileID: 114216703112617725}
  - component: {fileID: 82820851815261922}
  m_Layer: 0
  m_Name: Ash
  m_TagString: Untagged
  m_Icon: {fileID: 0}
  m_NavMeshLayer: 0
  m_StaticEditorFlags: 0
  m_IsActive: 1
--- !u!4 &4979607534755267
Transform:
  m_GameObject: {fileID: 1256403567194206}
  m_LocalRotation: {x: 0, y: 0, z: 0, w: 1}
  m_LocalPosition: {x: 0, y: 0, z: 0}
  m_LocalScale: {x: 1, y: 1, z: 1}
  m_Children:
  - {fileID: 4566243252563007}
  m_Father: {fileID: 0}
  m_RootOrder: 0
  m_LocalEulerAnglesHint: {x: 0, y: 0, z: 0}
--- !u!114 &114216703112617725
MonoBehaviour:
  m_GameObject: {fileID: 1256403567194206}
  m_Enabled: 1
  m_EditorHideFlags: 0
  m_Script: {fileID: 11500000, guid: f1301ae4a7b966f4c9f56b5de9594888, type: 3}
  m_Name:
  m_EditorClassIdentifier:
  OpeningClips: []
  WinClips: []
  LoseClips: []
  DestroyCreatureClips: []
  PlayCreatureClips: []
  PlayBuildingClips: []
  PlaySpellClips: []
  CreatureDestroyedClips: []
  BuildingDestroyedClips: []
  FloopClips: []
  HeroDamagedClips: []
  LeaderAbilityClips: []
--- !u!82 &82820851815261922
AudioSource:
  m_GameObject: {fileID: 1256403567194206}
  m_Enabled: 1
  serializedVersion: 4
  OutputAudioMixerGroup: {fileID: 0}
  m_audioClip: {fileID: 0}
  m_PlayOnAwake: 1
  m_Volume: 1
  m_Pitch: 1
  Loop: 0
  Mute: 0
  Spatialize: 0
  SpatializePostEffects: 0
  Priority: 128
  DopplerLevel: 1
  MinDistance: 1
  MaxDistance: 500
  Pan2D: 0
  rolloffMode: 0
  BypassEffects: 0
  BypassListenerEffects: 0
  BypassReverbZones: 0
  rolloffCustomCurve:
    serializedVersion: 2
    m_Curve:
    - serializedVersion: 2
      time: 0
      value: 1
      inSlope: 0
      outSlope: 0
      tangentMode: 0
    - serializedVersion: 2
      time: 1
      value: 0
      inSlope: 0
      outSlope: 0
      tangentMode: 0
    m_PreInfinity: 2
    m_PostInfinity: 2
    m_RotationOrder: 0
  panLevelCustomCurve:
    serializedVersion: 2
    m_Curve:
    - serializedVersion: 2
      time: 0
      value: 0
      inSlope: 0
      outSlope: 0
      tangentMode: 0
    m_PreInfinity: 2
    m_PostInfinity: 2
    m_RotationOrder: 0
  spreadCustomCurve:
    serializedVersion: 2
    m_Curve:
    - serializedVersion: 2
      time: 0
      value: 0
      inSlope: 0
      outSlope: 0
      tangentMode: 0
    m_PreInfinity: 2
    m_PostInfinity: 2
    m_RotationOrder: 0
  reverbZoneMixCustomCurve:
    serializedVersion: 2
    m_Curve:
    - serializedVersion: 2
      time: 0
      value: 1
      inSlope: 0
      outSlope: 0
      tangentMode: 0
    m_PreInfinity: 2
    m_PostInfinity: 2
    m_RotationOrder: 0
--- !u!1 &1818816282067844
GameObject:
  serializedVersion: 5
  m_Component:
  - component: {fileID: 4566243252563007}
  - component: {fileID: 111710276969734825}
  m_Layer: 0
  m_Name: AshCharacter
  m_TagString: Untagged
  m_Icon: {fileID: 0}
  m_NavMeshLayer: 0
  m_StaticEditorFlags: 0
  m_IsActive: 1
--- !u!4 &4566243252563007
Transform:
  m_GameObject: {fileID: 1818816282067844}
  m_LocalRotation: {x: 0, y: 0, z: 0, w: 1}
  m_LocalPosition: {x: 0, y: 0, z: 0}
  m_LocalScale: {x: 1, y: 1, z: 1}
  m_Children:
  - {fileID: 4949282579545060}
  - {fileID: 4461210570398414}
  - {fileID: 4418951055502306}
  - {fileID: 4079454584724630}
  - {fileID: 4788224064858284}
  m_Father: {fileID: 4979607534755267}
  m_RootOrder: 0
  m_LocalEulerAnglesHint: {x: 0, y: 0, z: 0}
--- !u!111 &111710276969734825
Animation:
  m_GameObject: {fileID: 1818816282067844}
  m_Enabled: 1
  serializedVersion: 3
  m_Animation: {fileID: 0}
  m_Animations:
  - {fileID: 7400000, guid: 736731c9ff134dc41ac85047f6159dac, type: 2}
  - {fileID: 7400000, guid: cee58a855d277574fa0d88976e7127d4, type: 2}
  - {fileID: 7400000, guid: 91b950382684b7a41a899d2de73a6cb9, type: 2}
  - {fileID: 7400000, guid: 086b6a351111d9a4484b821905e99ef8, type: 2}
  - {fileID: 7400000, guid: 18e52abe6ed3725479c133fa8af78aee, type: 2}
  - {fileID: 7400000, guid: 0cca5c1ecb5b5cf4896a92df0ef4c1c5, type: 2}
  - {fileID: 7400000, guid: 20b9f7cc454f1e045a9b57e476f9bafc, type: 2}
  - {fileID: 7400000, guid: 44a5938bace4ff140901efedd0a75bea, type: 2}
  - {fileID: 7400000, guid: 38b608b567373b04fa84ae08512c3cbb, type: 2}
  - {fileID: 7400000, guid: 0613749a13e48ce44ba0cb02db71739d, type: 2}
  - {fileID: 7400000, guid: 1a3bbda710f42854098ddd35e41e089d, type: 2}
  - {fileID: 7400000, guid: d2111fca6cf8bf24a92de94cff0de5b7, type: 2}
  - {fileID: 7400000, guid: f60ba8625b7f76b4d8543ea9f20a7839, type: 2}
  m_WrapMode: 0
  m_PlayAutomatically: 1
  m_AnimatePhysics: 0
  m_CullingType: 0
--- !u!1 &1126171102195232
GameObject:
  serializedVersion: 5
  m_Component:
  - component: {fileID: 4949282579545060}
  - component: {fileID: 137833858564291634}
  m_Layer: 0
  m_Name: Ash
  m_TagString: Untagged
  m_Icon: {fileID: 0}
  m_NavMeshLayer: 0
  m_StaticEditorFlags: 0
  m_IsActive: 1
--- !u!4 &4949282579545060
Transform:
  m_GameObject: {fileID: 1126171102195232}
  m_LocalRotation: {x: -0.7071068, y: 0, z: 0, w: 0.7071068}
  m_LocalPosition: {x: 0, y: 0, z: 0}
  m_LocalScale: {x: 1, y: 1, z: 1}
  m_Children: []
  m_Father: {fileID: 4566243252563007}
  m_RootOrder: 0
  m_LocalEulerAnglesHint: {x: -90, y: 0, z: 0}
--- !u!137 &137833858564291634
SkinnedMeshRenderer:
  m_GameObject: {fileID: 1126171102195232}
  m_Enabled: 1
  m_CastShadows: 1
  m_ReceiveShadows: 1
  m_DynamicOccludee: 1
  m_MotionVectors: 1
  m_LightProbeUsage: 0
  m_ReflectionProbeUsage: 1
  m_Materials:
  - {fileID: 2100000, guid: 184db34c7a2563247a884e6a77ea58bc, type: 2}
  m_StaticBatchInfo:
    firstSubMesh: 0
    subMeshCount: 0
  m_StaticBatchRoot: {fileID: 0}
  m_ProbeAnchor: {fileID: 0}
  m_LightProbeVolumeOverride: {fileID: 0}
  m_ScaleInLightmap: 1
  m_PreserveUVs: 0
  m_IgnoreNormalsForChartDetection: 0
  m_ImportantGI: 0
  m_StitchLightmapSeams: 0
  m_SelectedEditorRenderState: 3
  m_MinimumChartSize: 4
  m_AutoUVMaxDistance: 0.5
  m_AutoUVMaxAngle: 89
  m_LightmapParameters: {fileID: 0}
  m_SortingLayerID: 0
  m_SortingLayer: 0
  m_SortingOrder: 0
  serializedVersion: 2
  m_Quality: 0
  m_UpdateWhenOffscreen: 0
  m_skinnedMotionVectors: 0
  m_Mesh: {fileID: 4300000, guid: 9297d4098d30a1d408c1e0d3b3980612, type: 2}
  m_Bones:
  - {fileID: 4323948081274066}
  - {fileID: 4079454584724630}
  - {fileID: 4932111816679549}
  - {fileID: 4953829492233613}
  - {fileID: 4644213545166043}
  - {fileID: 4242797870125806}
  - {fileID: 4934929722491853}
  - {fileID: 4292605115809942}
  - {fileID: 4399678495516473}
  - {fileID: 4560404019049068}
  - {fileID: 4192146475647290}
  - {fileID: 4619542717161804}
  - {fileID: 4303504335666844}
  - {fileID: 4453141306747262}
  - {fileID: 4325830682098187}
  - {fileID: 4274795213221558}
  - {fileID: 4696236892894797}
  - {fileID: 4896403476412499}
  - {fileID: 4483170012236096}
  - {fileID: 4093466230308028}
  - {fileID: 4562941603414845}
  - {fileID: 4716000599652771}
  - {fileID: 4476513129652077}
  - {fileID: 4468911516655359}
  - {fileID: 4780901485020856}
  - {fileID: 4524199230610141}
  - {fileID: 4199248342218949}
  - {fileID: 4220198070573906}
  - {fileID: 4087195239240081}
  - {fileID: 4883251497769829}
  - {fileID: 4636592871755763}
  - {fileID: 4012150485049907}
  m_BlendShapeWeights: []
  m_RootBone: {fileID: 4079454584724630}
  m_AABB:
    m_Center: {x: -0.1656723, y: 2.308214, z: -0.03649521}
    m_Extent: {x: 42.90869, y: 9.098644, z: 46.4301}
  m_DirtyAABB: 0
--- !u!1 &1897215724730012
GameObject:
  serializedVersion: 5
  m_Component:
  - component: {fileID: 4461210570398414}
  - component: {fileID: 137133639788754680}
  m_Layer: 0
  m_Name: Ash_Outline
  m_TagString: Untagged
  m_Icon: {fileID: 0}
  m_NavMeshLayer: 0
  m_StaticEditorFlags: 0
  m_IsActive: 1
--- !u!4 &4461210570398414
Transform:
  m_GameObject: {fileID: 1897215724730012}
  m_LocalRotation: {x: -0.7071068, y: 0, z: 0, w: 0.7071068}
  m_LocalPosition: {x: 0, y: 0, z: 0}
  m_LocalScale: {x: 1, y: 1, z: 1}
  m_Children: []
  m_Father: {fileID: 4566243252563007}
  m_RootOrder: 1
  m_LocalEulerAnglesHint: {x: -90, y: 0, z: 0}
--- !u!137 &137133639788754680
SkinnedMeshRenderer:
  m_GameObject: {fileID: 1897215724730012}
  m_Enabled: 1
  m_CastShadows: 1
  m_ReceiveShadows: 1
  m_DynamicOccludee: 1
  m_MotionVectors: 1
  m_LightProbeUsage: 0
  m_ReflectionProbeUsage: 1
  m_Materials:
  - {fileID: 2100000, guid: 184db34c7a2563247a884e6a77ea58bc, type: 2}
  m_StaticBatchInfo:
    firstSubMesh: 0
    subMeshCount: 0
  m_StaticBatchRoot: {fileID: 0}
  m_ProbeAnchor: {fileID: 0}
  m_LightProbeVolumeOverride: {fileID: 0}
  m_ScaleInLightmap: 1
  m_PreserveUVs: 0
  m_IgnoreNormalsForChartDetection: 0
  m_ImportantGI: 0
  m_StitchLightmapSeams: 0
  m_SelectedEditorRenderState: 3
  m_MinimumChartSize: 4
  m_AutoUVMaxDistance: 0.5
  m_AutoUVMaxAngle: 89
  m_LightmapParameters: {fileID: 0}
  m_SortingLayerID: 0
  m_SortingLayer: 0
  m_SortingOrder: 0
  serializedVersion: 2
  m_Quality: 0
  m_UpdateWhenOffscreen: 0
  m_skinnedMotionVectors: 0
  m_Mesh: {fileID: 4300000, guid: ea3aa5bb9db03e24f907b3d79d1ae392, type: 2}
  m_Bones:
  - {fileID: 4079454584724630}
  - {fileID: 4323948081274066}
  - {fileID: 4932111816679549}
  - {fileID: 4953829492233613}
  - {fileID: 4242797870125806}
  - {fileID: 4644213545166043}
  - {fileID: 4399678495516473}
  - {fileID: 4560404019049068}
  - {fileID: 4192146475647290}
  - {fileID: 4303504335666844}
  - {fileID: 4453141306747262}
  - {fileID: 4325830682098187}
  - {fileID: 4934929722491853}
  - {fileID: 4292605115809942}
  - {fileID: 4619542717161804}
  - {fileID: 4274795213221558}
  - {fileID: 4696236892894797}
  - {fileID: 4896403476412499}
  - {fileID: 4483170012236096}
  - {fileID: 4093466230308028}
  - {fileID: 4562941603414845}
  - {fileID: 4716000599652771}
  - {fileID: 4476513129652077}
  - {fileID: 4468911516655359}
  - {fileID: 4780901485020856}
  - {fileID: 4524199230610141}
  - {fileID: 4199248342218949}
  - {fileID: 4220198070573906}
  - {fileID: 4087195239240081}
  - {fileID: 4883251497769829}
  - {fileID: 4636592871755763}
  - {fileID: 4012150485049907}
  m_BlendShapeWeights: []
  m_RootBone: {fileID: 4079454584724630}
  m_AABB:
    m_Center: {x: -0.177948, y: 2.302294, z: -0.03649712}
    m_Extent: {x: 43.15738, y: 9.355896, z: 46.7523}
  m_DirtyAABB: 0
--- !u!1 &1855750382393561
GameObject:
  serializedVersion: 5
  m_Component:
  - component: {fileID: 4418951055502306}
  - component: {fileID: 137074925334500324}
  m_Layer: 0
  m_Name: M_MOUTH
  m_TagString: Untagged
  m_Icon: {fileID: 0}
  m_NavMeshLayer: 0
  m_StaticEditorFlags: 0
  m_IsActive: 1
--- !u!4 &4418951055502306
Transform:
  m_GameObject: {fileID: 1855750382393561}
  m_LocalRotation: {x: -0.7071068, y: 0, z: 0, w: 0.7071068}
  m_LocalPosition: {x: 0.1298101, y: 72.86101, z: 10.16148}
  m_LocalScale: {x: 1, y: 1, z: 1}
  m_Children: []
  m_Father: {fileID: 4566243252563007}
  m_RootOrder: 2
  m_LocalEulerAnglesHint: {x: -90, y: 0, z: 0}
--- !u!137 &137074925334500324
SkinnedMeshRenderer:
  m_GameObject: {fileID: 1855750382393561}
  m_Enabled: 1
  m_CastShadows: 1
  m_ReceiveShadows: 1
  m_DynamicOccludee: 1
  m_MotionVectors: 1
  m_LightProbeUsage: 0
  m_ReflectionProbeUsage: 1
  m_Materials:
  - {fileID: 2100000, guid: cb0102bc2ea0e2b41afd34d7bbe7b3a2, type: 2}
  m_StaticBatchInfo:
    firstSubMesh: 0
    subMeshCount: 0
  m_StaticBatchRoot: {fileID: 0}
  m_ProbeAnchor: {fileID: 0}
  m_LightProbeVolumeOverride: {fileID: 0}
  m_ScaleInLightmap: 1
  m_PreserveUVs: 0
  m_IgnoreNormalsForChartDetection: 0
  m_ImportantGI: 0
  m_StitchLightmapSeams: 0
  m_SelectedEditorRenderState: 3
  m_MinimumChartSize: 4
  m_AutoUVMaxDistance: 0.5
  m_AutoUVMaxAngle: 89
  m_LightmapParameters: {fileID: 0}
  m_SortingLayerID: 0
  m_SortingLayer: 0
  m_SortingOrder: 0
  serializedVersion: 2
  m_Quality: 0
  m_UpdateWhenOffscreen: 0
  m_skinnedMotionVectors: 0
  m_Mesh: {fileID: 4300000, guid: eb5eb805fae15c54eb253a5363afae01, type: 2}
  m_Bones:
  - {fileID: 4292605115809942}
  - {fileID: 4896403476412499}
  m_BlendShapeWeights: []
  m_RootBone: {fileID: 4292605115809942}
  m_AABB:
    m_Center: {x: -11.13936, y: 4.185891, z: -0.1376934}
    m_Extent: {x: 6.146644, y: 2.481012, z: 5.787388}
  m_DirtyAABB: 0
--- !u!1 &1038602726854976
GameObject:
  serializedVersion: 5
  m_Component:
  - component: {fileID: 4079454584724630}
  m_Layer: 0
  m_Name: Puppet
  m_TagString: Untagged
  m_Icon: {fileID: 0}
  m_NavMeshLayer: 0
  m_StaticEditorFlags: 0
  m_IsActive: 1
--- !u!4 &4079454584724630
Transform:
  m_GameObject: {fileID: 1038602726854976}
  m_LocalRotation: {x: 0.4991273, y: -0.5008718, z: -0.4991267, w: 0.5008712}
  m_LocalPosition: {x: -0.007294245, y: 41.26398, z: -0.7606722}
  m_LocalScale: {x: 1, y: 1, z: 0.9999999}
  m_Children:
  - {fileID: 4399678495516473}
  - {fileID: 4323948081274066}
  - {fileID: 4932111816679549}
  m_Father: {fileID: 4566243252563007}
  m_RootOrder: 3
  m_LocalEulerAnglesHint: {x: 90.00007, y: 0.1998992, z: 90}
--- !u!1 &1980164410580731
GameObject:
  serializedVersion: 5
  m_Component:
  - component: {fileID: 4399678495516473}
  m_Layer: 0
  m_Name: Puppet_L_Thigh
  m_TagString: Untagged
  m_Icon: {fileID: 0}
  m_NavMeshLayer: 0
  m_StaticEditorFlags: 0
  m_IsActive: 1
--- !u!4 &4399678495516473
Transform:
  m_GameObject: {fileID: 1980164410580731}
  m_LocalRotation: {x: -0.05566496, y: 0.9983957, z: -0.009958834, w: -0.002869311}
  m_LocalPosition: {x: 2.220543, y: 0.02352339, z: 5.497962}
  m_LocalScale: {x: 1, y: 0.9999999, z: 1.000001}
  m_Children:
  - {fileID: 4560404019049068}
  m_Father: {fileID: 4079454584724630}
  m_RootOrder: 0
  m_LocalEulerAnglesHint: {x: -178.8788, y: 0.3917991, z: 173.6215}
--- !u!1 &1778945403829438
GameObject:
  serializedVersion: 5
  m_Component:
  - component: {fileID: 4560404019049068}
  m_Layer: 0
  m_Name: Puppet_Calf
  m_TagString: Untagged
  m_Icon: {fileID: 0}
  m_NavMeshLayer: 0
  m_StaticEditorFlags: 0
  m_IsActive: 1
--- !u!4 &4560404019049068
Transform:
  m_GameObject: {fileID: 1778945403829438}
  m_LocalRotation: {x: 0.001587846, y: 0.004255785, z: 0.1390667, w: 0.9902726}
  m_LocalPosition: {x: -18.01216, y: -1.907349E-06, z: -1.001358E-05}
  m_LocalScale: {x: 1, y: 1, z: 0.9999999}
  m_Children:
  - {fileID: 4093466230308028}
  m_Father: {fileID: 4399678495516473}
  m_RootOrder: 0
  m_LocalEulerAnglesHint: {x: 0.2480121, y: -0.4576343, z: -15.98884}
--- !u!1 &1384990528045291
GameObject:
  serializedVersion: 5
  m_Component:
  - component: {fileID: 4093466230308028}
  m_Layer: 0
  m_Name: Puppet_Foot
  m_TagString: Untagged
  m_Icon: {fileID: 0}
  m_NavMeshLayer: 0
  m_StaticEditorFlags: 0
  m_IsActive: 1
--- !u!4 &4093466230308028
Transform:
  m_GameObject: {fileID: 1384990528045291}
  m_LocalRotation: {x: -0.005256008, y: -0.01340994, z: -0.7144179, w: 0.699571}
  m_LocalPosition: {x: -20.21638, y: -3.576279E-06, z: -2.384186E-06}
  m_LocalScale: {x: 1, y: 1, z: 0.9999999}
  m_Children: []
  m_Father: {fileID: 4560404019049068}
  m_RootOrder: 0
  m_LocalEulerAnglesHint: {x: 0.6767232, y: 1.50547, z: 91.21206}
--- !u!1 &1785290832991525
GameObject:
  serializedVersion: 5
  m_Component:
  - component: {fileID: 4323948081274066}
  m_Layer: 0
  m_Name: Puppet_R_Thigh
  m_TagString: Untagged
  m_Icon: {fileID: 0}
  m_NavMeshLayer: 0
  m_StaticEditorFlags: 0
  m_IsActive: 1
--- !u!4 &4323948081274066
Transform:
  m_GameObject: {fileID: 1785290832991525}
  m_LocalRotation: {x: -0.0557208, y: 0.9983943, z: 0.01008874, w: 0.001522033}
  m_LocalPosition: {x: 2.220543, y: 0.02352273, z: -5.497966}
  m_LocalScale: {x: 0.9999999, y: 0.9999998, z: 1}
  m_Children:
  - {fileID: 4953829492233613}
  m_Father: {fileID: 4079454584724630}
  m_RootOrder: 1
  m_LocalEulerAnglesHint: {x: 178.8554, y: -0.2385507, z: 173.6136}
--- !u!1 &1073178202387485
GameObject:
  serializedVersion: 5
  m_Component:
  - component: {fileID: 4953829492233613}
  m_Layer: 0
  m_Name: Puppet_R_Calf
  m_TagString: Untagged
  m_Icon: {fileID: 0}
  m_NavMeshLayer: 0
  m_StaticEditorFlags: 0
  m_IsActive: 1
--- !u!4 &4953829492233613
Transform:
  m_GameObject: {fileID: 1073178202387485}
  m_LocalRotation: {x: -0.001588737, y: -0.004257216, z: 0.1391823, w: 0.9902564}
  m_LocalPosition: {x: -18.01217, y: 0, z: -4.768372E-07}
  m_LocalScale: {x: 1, y: 1, z: 1}
  m_Children:
  - {fileID: 4483170012236096}
  m_Father: {fileID: 4323948081274066}
  m_RootOrder: 0
  m_LocalEulerAnglesHint: {x: -0.2481894, y: 0.4577536, z: -16.00222}
--- !u!1 &1607615848036010
GameObject:
  serializedVersion: 5
  m_Component:
  - component: {fileID: 4483170012236096}
  m_Layer: 0
  m_Name: Puppet_R_Foot
  m_TagString: Untagged
  m_Icon: {fileID: 0}
  m_NavMeshLayer: 0
  m_StaticEditorFlags: 0
  m_IsActive: 1
--- !u!4 &4483170012236096
Transform:
  m_GameObject: {fileID: 1607615848036010}
  m_LocalRotation: {x: 0.005976617, y: 0.01223243, z: -0.7145007, w: 0.6995023}
  m_LocalPosition: {x: -20.21639, y: -9.536743E-07, z: 4.768372E-07}
  m_LocalScale: {x: 0.9999996, y: 0.9999996, z: 1}
  m_Children: []
  m_Father: {fileID: 4953829492233613}
  m_RootOrder: 0
  m_LocalEulerAnglesHint: {x: -0.5226507, y: -1.470017, z: 91.22214}
--- !u!1 &1707683914813402
GameObject:
  serializedVersion: 5
  m_Component:
  - component: {fileID: 4932111816679549}
  m_Layer: 0
  m_Name: Puppet_Spine
  m_TagString: Untagged
  m_Icon: {fileID: 0}
  m_NavMeshLayer: 0
  m_StaticEditorFlags: 0
  m_IsActive: 1
--- !u!4 &4932111816679549
Transform:
  m_GameObject: {fileID: 1707683914813402}
  m_LocalRotation: {x: 8.679994E-08, y: -5.898199E-08, z: -0.001744466, w: 0.9999985}
  m_LocalPosition: {x: -4.71159, y: -0.03387177, z: -5.285256E-07}
  m_LocalScale: {x: 0.9999998, y: 0.9999999, z: 1}
  m_Children:
  - {fileID: 4453141306747262}
  - {fileID: 4242797870125806}
  m_Father: {fileID: 4079454584724630}
  m_RootOrder: 2
  m_LocalEulerAnglesHint: {x: 9.958316E-06, y: 6.741477E-06, z: 0.1999012}
--- !u!1 &1147947130340996
GameObject:
  serializedVersion: 5
  m_Component:
  - component: {fileID: 4453141306747262}
  m_Layer: 0
  m_Name: Puppet_Pouch
  m_TagString: Untagged
  m_Icon: {fileID: 0}
  m_NavMeshLayer: 0
  m_StaticEditorFlags: 0
  m_IsActive: 1
--- !u!4 &4453141306747262
Transform:
  m_GameObject: {fileID: 1147947130340996}
  m_LocalRotation: {x: -0.1629631, y: 0.9471586, z: 0.06055521, w: -0.2695675}
  m_LocalPosition: {x: 0.4497337, y: 1.65433, z: -7.045197}
  m_LocalScale: {x: 1, y: 1, z: 1}
  m_Children: []
  m_Father: {fileID: 4932111816679549}
  m_RootOrder: 0
  m_LocalEulerAnglesHint: {x: 166.5548, y: 29.4004, z: 156.9327}
--- !u!1 &1554878366524334
GameObject:
  serializedVersion: 5
  m_Component:
  - component: {fileID: 4242797870125806}
  m_Layer: 0
  m_Name: Puppet_Spine1
  m_TagString: Untagged
  m_Icon: {fileID: 0}
  m_NavMeshLayer: 0
  m_StaticEditorFlags: 0
  m_IsActive: 1
--- !u!4 &4242797870125806
Transform:
  m_GameObject: {fileID: 1554878366524334}
  m_LocalRotation: {x: 1.3301E-06, y: 1.487681E-07, z: 3.608859E-08, w: 1}
  m_LocalPosition: {x: -6.296577, y: -1.192093E-07, z: 9.411015E-07}
  m_LocalScale: {x: 0.9999999, y: 0.9999999, z: 1}
  m_Children:
  - {fileID: 4292605115809942}
  - {fileID: 4303504335666844}
  - {fileID: 4192146475647290}
  - {fileID: 4325830682098187}
  - {fileID: 4644213545166043}
  m_Father: {fileID: 4932111816679549}
  m_RootOrder: 1
  m_LocalEulerAnglesHint: {x: 0.0001524183, y: -1.704756E-05, z: -4.135471E-06}
--- !u!1 &1322122196858170
GameObject:
  serializedVersion: 5
  m_Component:
  - component: {fileID: 4292605115809942}
  m_Layer: 0
  m_Name: Puppet_Head
  m_TagString: Untagged
  m_Icon: {fileID: 0}
  m_NavMeshLayer: 0
  m_StaticEditorFlags: 0
  m_IsActive: 1
--- !u!4 &4292605115809942
Transform:
  m_GameObject: {fileID: 1322122196858170}
  m_LocalRotation: {x: -1.734687E-09, y: -5.485915E-06, z: 0.008404173, w: 0.9999647}
  m_LocalPosition: {x: -9.396812, y: 1.013693, z: 0.0006463872}
  m_LocalScale: {x: 1, y: 1, z: 1}
  m_Children:
  - {fileID: 4274795213221558}
  m_Father: {fileID: 4242797870125806}
  m_RootOrder: 0
  m_LocalEulerAnglesHint: {x: -5.481969E-06, y: 0.0006286157, z: -0.9630586}
--- !u!1 &1009803287561425
GameObject:
  serializedVersion: 5
  m_Component:
  - component: {fileID: 4274795213221558}
  m_Layer: 0
  m_Name: Puppet_C_Hair_01
  m_TagString: Untagged
  m_Icon: {fileID: 0}
  m_NavMeshLayer: 0
  m_StaticEditorFlags: 0
  m_IsActive: 1
--- !u!4 &4274795213221558
Transform:
  m_GameObject: {fileID: 1009803287561425}
  m_LocalRotation: {x: 0.008053035, y: 0.001750152, z: 0.960911, w: -0.2767347}
  m_LocalPosition: {x: -20.75357, y: 3.989146, z: -0.005343506}
  m_LocalScale: {x: 0.9999999, y: 0.9999997, z: 1}
  m_Children:
  - {fileID: 4696236892894797}
  m_Father: {fileID: 4292605115809942}
  m_RootOrder: 0
  m_LocalEulerAnglesHint: {x: -0.06266873, y: 0.9422805, z: 147.8675}
--- !u!1 &1859868160186184
GameObject:
  serializedVersion: 5
  m_Component:
  - component: {fileID: 4696236892894797}
  m_Layer: 0
  m_Name: Puppet_C_Hair_02
  m_TagString: Untagged
  m_Icon: {fileID: 0}
  m_NavMeshLayer: 0
  m_StaticEditorFlags: 0
  m_IsActive: 1
--- !u!4 &4696236892894797
Transform:
  m_GameObject: {fileID: 1859868160186184}
  m_LocalRotation: {x: -0.007740941, y: -0.0374711, z: -0.2021635, w: 0.9786041}
  m_LocalPosition: {x: -4.557732, y: 0, z: 3.576279E-07}
  m_LocalScale: {x: 1, y: 0.9999999, z: 1}
  m_Children:
  - {fileID: 4896403476412499}
  m_Father: {fileID: 4274795213221558}
  m_RootOrder: 0
  m_LocalEulerAnglesHint: {x: -3.145911E-06, y: 4.38561, z: 23.34434}
--- !u!1 &1636437991131709
GameObject:
  serializedVersion: 5
  m_Component:
  - component: {fileID: 4896403476412499}
  m_Layer: 0
  m_Name: Puppet_C_Hair_03
  m_TagString: Untagged
  m_Icon: {fileID: 0}
  m_NavMeshLayer: 0
  m_StaticEditorFlags: 0
  m_IsActive: 1
--- !u!4 &4896403476412499
Transform:
  m_GameObject: {fileID: 1636437991131709}
  m_LocalRotation: {x: 0.004688175, y: 0.07724376, z: -0.06039962, w: 0.99517}
  m_LocalPosition: {x: -4.17144, y: 0, z: 4.768372E-07}
  m_LocalScale: {x: 1, y: 1, z: 1}
  m_Children: []
  m_Father: {fileID: 4696236892894797}
  m_RootOrder: 0
  m_LocalEulerAnglesHint: {x: 4.393843E-06, y: -8.876646, z: 6.946357}
--- !u!1 &1733937600702352
GameObject:
  serializedVersion: 5
  m_Component:
  - component: {fileID: 4303504335666844}
  m_Layer: 0
  m_Name: Puppet_L_Hair_01
  m_TagString: Untagged
  m_Icon: {fileID: 0}
  m_NavMeshLayer: 0
  m_StaticEditorFlags: 0
  m_IsActive: 1
--- !u!4 &4303504335666844
Transform:
  m_GameObject: {fileID: 1733937600702352}
  m_LocalRotation: {x: -0.02030609, y: 0.004067518, z: 0.9362956, w: -0.3506018}
  m_LocalPosition: {x: -12.8488, y: 1.761395, z: 2.526703}
  m_LocalScale: {x: 1, y: 1, z: 1}
  m_Children:
  - {fileID: 4619542717161804}
  m_Father: {fileID: 4242797870125806}
  m_RootOrder: 1
  m_LocalEulerAnglesHint: {x: 1.253103, y: -2.015671, z: 138.9205}
--- !u!1 &1165960168730151
GameObject:
  serializedVersion: 5
  m_Component:
  - component: {fileID: 4619542717161804}
  m_Layer: 0
  m_Name: Puppet_L_Hair_02
  m_TagString: Untagged
  m_Icon: {fileID: 0}
  m_NavMeshLayer: 0
  m_StaticEditorFlags: 0
  m_IsActive: 1
--- !u!4 &4619542717161804
Transform:
  m_GameObject: {fileID: 1165960168730151}
  m_LocalRotation: {x: -0.00521459, y: -0.01590701, z: -0.3082728, w: 0.9511507}
  m_LocalPosition: {x: -5.272972, y: 0, z: 0}
  m_LocalScale: {x: 0.9999999, y: 1, z: 1}
  m_Children: []
  m_Father: {fileID: 4303504335666844}
  m_RootOrder: 0
  m_LocalEulerAnglesHint: {x: -0.006439274, y: 1.918333, z: 35.91544}
--- !u!1 &1200590283468303
GameObject:
  serializedVersion: 5
  m_Component:
  - component: {fileID: 4192146475647290}
  m_Layer: 0
  m_Name: Puppet_L_UpperArm
  m_TagString: Untagged
  m_Icon: {fileID: 0}
  m_NavMeshLayer: 0
  m_StaticEditorFlags: 0
  m_IsActive: 1
--- !u!4 &4192146475647290
Transform:
  m_GameObject: {fileID: 1200590283468303}
  m_LocalRotation: {x: -0.5006902, y: 0.5149288, z: 0.4792663, w: 0.5044419}
  m_LocalPosition: {x: -8.690289, y: -0.3801028, z: 7.657477}
  m_LocalScale: {x: 1, y: 1, z: 0.9999997}
  m_Children:
  - {fileID: 4468911516655359}
  m_Father: {fileID: 4242797870125806}
  m_RootOrder: 2
  m_LocalEulerAnglesHint: {x: -159.9522, y: -88.06715, z: 72.21093}
--- !u!1 &1384175289048469
GameObject:
  serializedVersion: 5
  m_Component:
  - component: {fileID: 4468911516655359}
  m_Layer: 0
  m_Name: Puppet_L_UpperArm1
  m_TagString: Untagged
  m_Icon: {fileID: 0}
  m_NavMeshLayer: 0
  m_StaticEditorFlags: 0
  m_IsActive: 1
--- !u!4 &4468911516655359
Transform:
  m_GameObject: {fileID: 1384175289048469}
  m_LocalRotation: {x: -0.009598198, y: 0.04166655, z: 0.008538372, w: 0.999049}
  m_LocalPosition: {x: -6.050773, y: -3.814697E-06, z: 4.768372E-07}
  m_LocalScale: {x: 1, y: 1, z: 1}
  m_Children:
  - {fileID: 4476513129652077}
  m_Father: {fileID: 4192146475647290}
  m_RootOrder: 0
  m_LocalEulerAnglesHint: {x: -1.06182, y: -4.785046, z: -0.9349669}
--- !u!1 &1993174987326371
GameObject:
  serializedVersion: 5
  m_Component:
  - component: {fileID: 4476513129652077}
  m_Layer: 0
  m_Name: Puppet_L_UpperArm2
  m_TagString: Untagged
  m_Icon: {fileID: 0}
  m_NavMeshLayer: 0
  m_StaticEditorFlags: 0
  m_IsActive: 1
--- !u!4 &4476513129652077
Transform:
  m_GameObject: {fileID: 1993174987326371}
  m_LocalRotation: {x: -3.205448E-05, y: 0.03618146, z: 8.032777E-05, w: 0.9993452}
  m_LocalPosition: {x: -6.216467, y: 0, z: 2.384186E-07}
  m_LocalScale: {x: 0.9999999, y: 0.9999999, z: 0.9999999}
  m_Children:
  - {fileID: 4562941603414845}
  m_Father: {fileID: 4468911516655359}
  m_RootOrder: 0
  m_LocalEulerAnglesHint: {x: -0.003346483, y: -4.146996, z: -0.009089755}
--- !u!1 &1396015327365654
GameObject:
  serializedVersion: 5
  m_Component:
  - component: {fileID: 4562941603414845}
  m_Layer: 0
  m_Name: Puppet_L_Forearm
  m_TagString: Untagged
  m_Icon: {fileID: 0}
  m_NavMeshLayer: 0
  m_StaticEditorFlags: 0
  m_IsActive: 1
--- !u!4 &4562941603414845
Transform:
  m_GameObject: {fileID: 1396015327365654}
  m_LocalRotation: {x: -0.002537456, y: 0.04494706, z: -0.006805429, w: 0.998963}
  m_LocalPosition: {x: -6.029255, y: 0, z: 0}
  m_LocalScale: {x: 1, y: 1, z: 1}
  m_Children:
  - {fileID: 4716000599652771}
  m_Father: {fileID: 4476513129652077}
  m_RootOrder: 0
  m_LocalEulerAnglesHint: {x: -0.3268425, y: -5.150166, z: 0.7953416}
--- !u!1 &1839862056924006
GameObject:
  serializedVersion: 5
  m_Component:
  - component: {fileID: 4716000599652771}
  m_Layer: 0
  m_Name: Puppet_L_Forearm1
  m_TagString: Untagged
  m_Icon: {fileID: 0}
  m_NavMeshLayer: 0
  m_StaticEditorFlags: 0
  m_IsActive: 1
--- !u!4 &4716000599652771
Transform:
  m_GameObject: {fileID: 1839862056924006}
  m_LocalRotation: {x: -0.004676792, y: 0.05002046, z: -0.004652933, w: 0.9987264}
  m_LocalPosition: {x: -5.682993, y: 0, z: 0}
  m_LocalScale: {x: 1, y: 1, z: 1}
  m_Children:
  - {fileID: 4780901485020856}
  m_Father: {fileID: 4562941603414845}
  m_RootOrder: 0
  m_LocalEulerAnglesHint: {x: -0.5647411, y: -5.731684, z: 0.5621341}
--- !u!1 &1425794494697764
GameObject:
  serializedVersion: 5
  m_Component:
  - component: {fileID: 4780901485020856}
  m_Layer: 0
  m_Name: Puppet_L_Forearm2
  m_TagString: Untagged
  m_Icon: {fileID: 0}
  m_NavMeshLayer: 0
  m_StaticEditorFlags: 0
  m_IsActive: 1
--- !u!4 &4780901485020856
Transform:
  m_GameObject: {fileID: 1425794494697764}
  m_LocalRotation: {x: 0.005944951, y: 0.04849182, z: 0.004128745, w: 0.9987974}
  m_LocalPosition: {x: -5.507776, y: 0, z: -9.536743E-07}
  m_LocalScale: {x: 0.9999998, y: 1, z: 1}
  m_Children:
  - {fileID: 4524199230610141}
  m_Father: {fileID: 4716000599652771}
  m_RootOrder: 0
  m_LocalEulerAnglesHint: {x: 0.7067022, y: -5.555961, z: -0.507978}
--- !u!1 &1992929677898117
GameObject:
  serializedVersion: 5
  m_Component:
  - component: {fileID: 4524199230610141}
  m_Layer: 0
  m_Name: Puppet_L_Hand
  m_TagString: Untagged
  m_Icon: {fileID: 0}
  m_NavMeshLayer: 0
  m_StaticEditorFlags: 0
  m_IsActive: 1
--- !u!4 &4524199230610141
Transform:
  m_GameObject: {fileID: 1992929677898117}
  m_LocalRotation: {x: -0.01907925, y: -0.02459067, z: 0.007791277, w: 0.9994852}
  m_LocalPosition: {x: -5.435402, y: 3.814697E-06, z: -1.907349E-06}
  m_LocalScale: {x: 0.9999999, y: 0.9999998, z: 1}
  m_Children:
  - {fileID: 4850182920710925}
  m_Father: {fileID: 4780901485020856}
  m_RootOrder: 0
  m_LocalEulerAnglesHint: {x: -2.210338, y: 2.800513, z: -0.9472924}
--- !u!1 &1488202424685663
GameObject:
  serializedVersion: 5
  m_Component:
  - component: {fileID: 4850182920710925}
  m_Layer: 0
  m_Name: Puppet_Ash_CardsHand
  m_TagString: Untagged
  m_Icon: {fileID: 0}
  m_NavMeshLayer: 0
  m_StaticEditorFlags: 0
  m_IsActive: 1
--- !u!4 &4850182920710925
Transform:
  m_GameObject: {fileID: 1488202424685663}
  m_LocalRotation: {x: -0.3594051, y: 0.5480514, z: 0.600742, w: 0.4577955}
  m_LocalPosition: {x: -2.425629, y: -1.988197, z: 4.313469}
  m_LocalScale: {x: 1, y: 1.000002, z: 0.9999989}
  m_Children: []
  m_Father: {fileID: 4524199230610141}
  m_RootOrder: 0
  m_LocalEulerAnglesHint: {x: 66.83656, y: -69.00478, z: -154.1733}
--- !u!1 &1685481114690480
GameObject:
  serializedVersion: 5
  m_Component:
  - component: {fileID: 4325830682098187}
  m_Layer: 0
  m_Name: Puppet_R_Hair_01
  m_TagString: Untagged
  m_Icon: {fileID: 0}
  m_NavMeshLayer: 0
  m_StaticEditorFlags: 0
  m_IsActive: 1
--- !u!4 &4325830682098187
Transform:
  m_GameObject: {fileID: 1685481114690480}
  m_LocalRotation: {x: 0.02029579, y: -0.004063677, z: 0.9362958, w: -0.3506019}
  m_LocalPosition: {x: -12.84873, y: 1.761397, z: -3.079193}
  m_LocalScale: {x: 1, y: 1, z: 1}
  m_Children:
  - {fileID: 4934929722491853}
  m_Father: {fileID: 4242797870125806}
  m_RootOrder: 3
  m_LocalEulerAnglesHint: {x: -1.252276, y: 2.01472, z: 138.9205}
--- !u!1 &1008823277658139
GameObject:
  serializedVersion: 5
  m_Component:
  - component: {fileID: 4934929722491853}
  m_Layer: 0
  m_Name: Puppet_R_Hair_02
  m_TagString: Untagged
  m_Icon: {fileID: 0}
  m_NavMeshLayer: 0
  m_StaticEditorFlags: 0
  m_IsActive: 1
--- !u!4 &4934929722491853
Transform:
  m_GameObject: {fileID: 1008823277658139}
  m_LocalRotation: {x: 0.00521453, y: 0.01590699, z: -0.3082728, w: 0.9511507}
  m_LocalPosition: {x: -5.272972, y: 0, z: 3.33786E-06}
  m_LocalScale: {x: 0.9999999, y: 1, z: 1}
  m_Children: []
  m_Father: {fileID: 4325830682098187}
  m_RootOrder: 0
  m_LocalEulerAnglesHint: {x: 0.00643359, y: -1.918328, z: 35.91544}
--- !u!1 &1065059367364949
GameObject:
  serializedVersion: 5
  m_Component:
  - component: {fileID: 4644213545166043}
  m_Layer: 0
  m_Name: Puppet_R_UpperArm
  m_TagString: Untagged
  m_Icon: {fileID: 0}
  m_NavMeshLayer: 0
  m_StaticEditorFlags: 0
  m_IsActive: 1
--- !u!4 &4644213545166043
Transform:
  m_GameObject: {fileID: 1065059367364949}
  m_LocalRotation: {x: -0.4876803, y: -0.4966371, z: -0.5098976, w: 0.5054937}
  m_LocalPosition: {x: -8.690289, y: -0.3801112, z: -7.657479}
  m_LocalScale: {x: 0.9999997, y: 0.9999999, z: 0.9999998}
  m_Children:
  - {fileID: 4883251497769829}
  m_Father: {fileID: 4242797870125806}
  m_RootOrder: 4
  m_LocalEulerAnglesHint: {x: 23.39651, y: 88.06191, z: 113.1356}
--- !u!1 &1616776845147846
GameObject:
  serializedVersion: 5
  m_Component:
  - component: {fileID: 4883251497769829}
  m_Layer: 0
  m_Name: Puppet_R_UpperArm1
  m_TagString: Untagged
  m_Icon: {fileID: 0}
  m_NavMeshLayer: 0
  m_StaticEditorFlags: 0
  m_IsActive: 1
--- !u!4 &4883251497769829
Transform:
  m_GameObject: {fileID: 1616776845147846}
  m_LocalRotation: {x: -0.005157535, y: 0.04269092, z: 0.0048983, w: 0.999063}
  m_LocalPosition: {x: -6.482208, y: -3.814697E-06, z: -3.218651E-06}
  m_LocalScale: {x: 1, y: 1, z: 1}
  m_Children:
  - {fileID: 4087195239240081}
  m_Father: {fileID: 4644213545166043}
  m_RootOrder: 0
  m_LocalEulerAnglesHint: {x: -0.5685778, y: -4.896287, z: -0.5375165}
--- !u!1 &1800232323450144
GameObject:
  serializedVersion: 5
  m_Component:
  - component: {fileID: 4087195239240081}
  m_Layer: 0
  m_Name: Puppet_R_UpperArm2
  m_TagString: Untagged
  m_Icon: {fileID: 0}
  m_NavMeshLayer: 0
  m_StaticEditorFlags: 0
  m_IsActive: 1
--- !u!4 &4087195239240081
Transform:
  m_GameObject: {fileID: 1800232323450144}
  m_LocalRotation: {x: 0.0001563262, y: 0.03879288, z: -0.0005411019, w: 0.9992471}
  m_LocalPosition: {x: -6.498994, y: 0, z: -7.152557E-07}
  m_LocalScale: {x: 0.9999999, y: 0.9999999, z: 0.9999998}
  m_Children:
  - {fileID: 4199248342218949}
  m_Father: {fileID: 4883251497769829}
  m_RootOrder: 0
  m_LocalEulerAnglesHint: {x: 0.01554157, y: -4.446462, z: 0.06144907}
--- !u!1 &1947178543006842
GameObject:
  serializedVersion: 5
  m_Component:
  - component: {fileID: 4199248342218949}
  m_Layer: 0
  m_Name: Puppet_R_Forearm
  m_TagString: Untagged
  m_Icon: {fileID: 0}
  m_NavMeshLayer: 0
  m_StaticEditorFlags: 0
  m_IsActive: 1
--- !u!4 &4199248342218949
Transform:
  m_GameObject: {fileID: 1947178543006842}
  m_LocalRotation: {x: 0.0008818196, y: 0.04440016, z: 0.002111061, w: 0.9990112}
  m_LocalPosition: {x: -5.664499, y: 0, z: -9.536743E-07}
  m_LocalScale: {x: 1, y: 1, z: 1}
  m_Children:
  - {fileID: 4220198070573906}
  m_Father: {fileID: 4087195239240081}
  m_RootOrder: 0
  m_LocalEulerAnglesHint: {x: 0.1121321, y: -5.089329, z: -0.2471322}
--- !u!1 &1105982425701806
GameObject:
  serializedVersion: 5
  m_Component:
  - component: {fileID: 4220198070573906}
  m_Layer: 0
  m_Name: Puppet_R_Forearm1
  m_TagString: Untagged
  m_Icon: {fileID: 0}
  m_NavMeshLayer: 0
  m_StaticEditorFlags: 0
  m_IsActive: 1
--- !u!4 &4220198070573906
Transform:
  m_GameObject: {fileID: 1105982425701806}
  m_LocalRotation: {x: 0.006756839, y: 0.04418954, z: 0.006842956, w: 0.9989769}
  m_LocalPosition: {x: -5.218958, y: 0, z: -1.430511E-06}
  m_LocalScale: {x: 0.9999998, y: 0.9999999, z: 0.9999999}
  m_Children:
  - {fileID: 4636592871755763}
  m_Father: {fileID: 4199248342218949}
  m_RootOrder: 0
  m_LocalEulerAnglesHint: {x: 0.8113242, y: -5.059844, z: -0.8207841}
--- !u!1 &1008431791406912
GameObject:
  serializedVersion: 5
  m_Component:
  - component: {fileID: 4636592871755763}
  m_Layer: 0
  m_Name: Puppet_R_Forearm2
  m_TagString: Untagged
  m_Icon: {fileID: 0}
  m_NavMeshLayer: 0
  m_StaticEditorFlags: 0
  m_IsActive: 1
--- !u!4 &4636592871755763
Transform:
  m_GameObject: {fileID: 1008431791406912}
  m_LocalRotation: {x: -0.001210572, y: 0.0567913, z: -0.0008578793, w: 0.998385}
  m_LocalPosition: {x: -5.534788, y: 0, z: -9.536743E-07}
  m_LocalScale: {x: 1, y: 1, z: 1}
  m_Children:
  - {fileID: 4012150485049907}
  m_Father: {fileID: 4220198070573906}
  m_RootOrder: 0
  m_LocalEulerAnglesHint: {x: -0.1450157, y: -6.511179, z: 0.1067135}
--- !u!1 &1200258317669659
GameObject:
  serializedVersion: 5
  m_Component:
  - component: {fileID: 4012150485049907}
  m_Layer: 0
  m_Name: Puppet_R_Hand
  m_TagString: Untagged
  m_Icon: {fileID: 0}
  m_NavMeshLayer: 0
  m_StaticEditorFlags: 0
  m_IsActive: 1
--- !u!4 &4012150485049907
Transform:
  m_GameObject: {fileID: 1200258317669659}
  m_LocalRotation: {x: 0.9994366, y: -0.01351992, z: 0.0299917, w: -0.006645175}
  m_LocalPosition: {x: -5.545959, y: 0, z: 9.536743E-07}
  m_LocalScale: {x: 1, y: 1, z: 0.9999999}
  m_Children:
  - {fileID: 4932804286191162}
  m_Father: {fileID: 4636592871755763}
  m_RootOrder: 0
  m_LocalEulerAnglesHint: {x: -179.191, y: 3.426606, z: 1.574247}
--- !u!1 &1839838160305622
GameObject:
  serializedVersion: 5
  m_Component:
  - component: {fileID: 4932804286191162}
  m_Layer: 0
  m_Name: Puppet_CardPlay
  m_TagString: Untagged
  m_Icon: {fileID: 0}
  m_NavMeshLayer: 0
  m_StaticEditorFlags: 0
  m_IsActive: 1
--- !u!4 &4932804286191162
Transform:
  m_GameObject: {fileID: 1839838160305622}
  m_LocalRotation: {x: 0.3969925, y: -0.5761346, z: 0.576595, w: 0.4219052}
  m_LocalPosition: {x: -2.425636, y: -1.988201, z: -4.313466}
  m_LocalScale: {x: 1, y: 0.9999999, z: 0.9999994}
  m_Children: []
  m_Father: {fileID: 4012150485049907}
  m_RootOrder: 0
  m_LocalEulerAnglesHint: {x: -86.3641, y: 70.72694, z: -174.943}
--- !u!1 &1938169767439580
GameObject:
  serializedVersion: 5
  m_Component:
  - component: {fileID: 4788224064858284}
  m_Layer: 0
  m_Name: Puppet_Root
  m_TagString: Untagged
  m_Icon: {fileID: 0}
  m_NavMeshLayer: 0
  m_StaticEditorFlags: 0
  m_IsActive: 1
--- !u!4 &4788224064858284
Transform:
  m_GameObject: {fileID: 1938169767439580}
  m_LocalRotation: {x: -0.7071068, y: -1.256074E-15, z: -1.256074E-15, w: 0.7071069}
  m_LocalPosition: {x: 0.04389076, y: 0, z: 0.01076241}
  m_LocalScale: {x: 1, y: 1, z: 1}
  m_Children: []
  m_Father: {fileID: 4566243252563007}
  m_RootOrder: 4
  m_LocalEulerAnglesHint: {x: -89.99999, y: 2.035555E-13, z: -1.12996E-29}
