%YAML 1.1
%TAG !u! tag:unity3d.com,2011:
--- !u!1001 &100100000
Prefab:
  serializedVersion: 2
  m_Modification:
    m_TransformParent: {fileID: 0}
    m_Modifications: []
    m_RemovedComponents: []
  m_ParentPrefab: {fileID: 0}
  m_RootGameObject: {fileID: 1519101107917327}
  m_IsPrefabParent: 1
--- !u!1 &1519101107917327
GameObject:
  serializedVersion: 5
  m_Component:
  - component: {fileID: 4894340012848164}
  - component: {fileID: 114798971557064207}
  - component: {fileID: 82513507586688368}
  m_Layer: 0
  m_Name: Blumps
  m_TagString: Untagged
  m_Icon: {fileID: 0}
  m_NavMeshLayer: 0
  m_StaticEditorFlags: 0
  m_IsActive: 1
--- !u!4 &4894340012848164
Transform:
  m_GameObject: {fileID: 1519101107917327}
  m_LocalRotation: {x: 0, y: 0, z: 0, w: 1}
  m_LocalPosition: {x: 170.8419, y: -34.5425, z: 36.91206}
  m_LocalScale: {x: 1, y: 1, z: 1}
  m_Children:
  - {fileID: 4073337776200932}
  m_Father: {fileID: 0}
  m_RootOrder: 0
  m_LocalEulerAnglesHint: {x: 0, y: 0, z: 0}
--- !u!114 &114798971557064207
MonoBehaviour:
  m_GameObject: {fileID: 1519101107917327}
  m_Enabled: 1
  m_EditorHideFlags: 0
  m_Script: {fileID: 11500000, guid: f1301ae4a7b966f4c9f56b5de9594888, type: 3}
  m_Name:
  m_EditorClassIdentifier:
  OpeningClips: []
  WinClips:
  - {fileID: 8300000, guid: 8bb68adfea1cca646aedec492d2ad6f5, type: 3}
  LoseClips:
  - {fileID: 8300000, guid: 96365009f562a8846ad438efa4074ccc, type: 3}
  DestroyCreatureClips: []
  PlayCreatureClips:
  - {fileID: 8300000, guid: 35761c5ec2e7f8b4691719bd553095f2, type: 3}
  - {fileID: 0}
  PlayBuildingClips:
  - {fileID: 8300000, guid: 35761c5ec2e7f8b4691719bd553095f2, type: 3}
  - {fileID: 0}
  PlaySpellClips:
  - {fileID: 8300000, guid: 35761c5ec2e7f8b4691719bd553095f2, type: 3}
  - {fileID: 0}
  CreatureDestroyedClips:
  - {fileID: 8300000, guid: ee045e99504828b4887a42695ebd8eb9, type: 3}
  - {fileID: 0}
  BuildingDestroyedClips:
  - {fileID: 8300000, guid: ee045e99504828b4887a42695ebd8eb9, type: 3}
  - {fileID: 0}
  FloopClips: []
  HeroDamagedClips:
  - {fileID: 8300000, guid: 45ed25c6bfc8a17488464a7058c27c13, type: 3}
  - {fileID: 0}
  LeaderAbilityClips:
  - {fileID: 8300000, guid: 35761c5ec2e7f8b4691719bd553095f2, type: 3}
  - {fileID: 0}
--- !u!82 &82513507586688368
AudioSource:
  m_GameObject: {fileID: 1519101107917327}
  m_Enabled: 1
  serializedVersion: 4
  OutputAudioMixerGroup: {fileID: 0}
  m_audioClip: {fileID: 0}
  m_PlayOnAwake: 1
  m_Volume: 1
  m_Pitch: 1
  Loop: 0
  Mute: 0
  Spatialize: 0
  SpatializePostEffects: 0
  Priority: 128
  DopplerLevel: 1
  MinDistance: 1
  MaxDistance: 500
  Pan2D: 0
  rolloffMode: 0
  BypassEffects: 0
  BypassListenerEffects: 0
  BypassReverbZones: 0
  rolloffCustomCurve:
    serializedVersion: 2
    m_Curve:
    - serializedVersion: 2
      time: 0
      value: 1
      inSlope: 0
      outSlope: 0
      tangentMode: 0
    - serializedVersion: 2
      time: 1
      value: 0
      inSlope: 0
      outSlope: 0
      tangentMode: 0
    m_PreInfinity: 2
    m_PostInfinity: 2
    m_RotationOrder: 0
  panLevelCustomCurve:
    serializedVersion: 2
    m_Curve:
    - serializedVersion: 2
      time: 0
      value: 0
      inSlope: 0
      outSlope: 0
      tangentMode: 0
    m_PreInfinity: 2
    m_PostInfinity: 2
    m_RotationOrder: 0
  spreadCustomCurve:
    serializedVersion: 2
    m_Curve:
    - serializedVersion: 2
      time: 0
      value: 0
      inSlope: 0
      outSlope: 0
      tangentMode: 0
    m_PreInfinity: 2
    m_PostInfinity: 2
    m_RotationOrder: 0
  reverbZoneMixCustomCurve:
    serializedVersion: 2
    m_Curve:
    - serializedVersion: 2
      time: 0
      value: 1
      inSlope: 0
      outSlope: 0
      tangentMode: 0
    m_PreInfinity: 2
    m_PostInfinity: 2
    m_RotationOrder: 0
--- !u!1 &1777230025265968
GameObject:
  serializedVersion: 5
  m_Component:
  - component: {fileID: 4073337776200932}
  - component: {fileID: 111630071054384460}
  m_Layer: 0
  m_Name: BlumpsCharacter
  m_TagString: Untagged
  m_Icon: {fileID: 0}
  m_NavMeshLayer: 0
  m_StaticEditorFlags: 0
  m_IsActive: 1
--- !u!4 &4073337776200932
Transform:
  m_GameObject: {fileID: 1777230025265968}
  m_LocalRotation: {x: 0, y: 0, z: 0, w: 1}
  m_LocalPosition: {x: 0, y: 0, z: 0}
  m_LocalScale: {x: 1, y: 1, z: 1}
  m_Children:
  - {fileID: 4131366934994426}
  - {fileID: 4125141146496749}
  - {fileID: 4934725736829264}
  - {fileID: 4136160494750768}
  - {fileID: 4832225165200781}
  m_Father: {fileID: 4894340012848164}
  m_RootOrder: 0
  m_LocalEulerAnglesHint: {x: 0, y: 0, z: 0}
--- !u!111 &111630071054384460
Animation:
  m_GameObject: {fileID: 1777230025265968}
  m_Enabled: 1
  serializedVersion: 3
  m_Animation: {fileID: 0}
  m_Animations:
  - {fileID: 7400000, guid: 81e6339ec41f34f48b80f0ad8e764b20, type: 2}
  - {fileID: 7400000, guid: 81e6339ec41f34f48b80f0ad8e764b20, type: 2}
  - {fileID: 7400000, guid: 81e6339ec41f34f48b80f0ad8e764b20, type: 2}
  - {fileID: 7400000, guid: 81e6339ec41f34f48b80f0ad8e764b20, type: 2}
  - {fileID: 7400000, guid: 81e6339ec41f34f48b80f0ad8e764b20, type: 2}
  - {fileID: 7400000, guid: 72b188322d887914e894554bb56b7bcc, type: 2}
  - {fileID: 7400000, guid: 72b188322d887914e894554bb56b7bcc, type: 2}
  - {fileID: 7400000, guid: 6383e5ea51e912f46bcc85fb797efdbb, type: 2}
  - {fileID: 7400000, guid: 6383e5ea51e912f46bcc85fb797efdbb, type: 2}
  - {fileID: 7400000, guid: 81e6339ec41f34f48b80f0ad8e764b20, type: 2}
  - {fileID: 7400000, guid: 40f21fab2c92b5b4592745f3c7d5540b, type: 2}
  - {fileID: 7400000, guid: 40f21fab2c92b5b4592745f3c7d5540b, type: 2}
  - {fileID: 7400000, guid: 0403794694fdfbb448bb57c16ad1a0ee, type: 2}
  m_WrapMode: 0
  m_PlayAutomatically: 1
  m_AnimatePhysics: 0
  m_CullingType: 1
--- !u!1 &1726938707614228
GameObject:
  serializedVersion: 5
  m_Component:
  - component: {fileID: 4131366934994426}
  - component: {fileID: 137196479097751808}
  m_Layer: 0
  m_Name: Blumps
  m_TagString: Untagged
  m_Icon: {fileID: 0}
  m_NavMeshLayer: 0
  m_StaticEditorFlags: 0
  m_IsActive: 1
--- !u!4 &4131366934994426
Transform:
  m_GameObject: {fileID: 1726938707614228}
  m_LocalRotation: {x: -0.7071068, y: 0, z: 0, w: 0.7071068}
  m_LocalPosition: {x: 0.3752915, y: 0, z: 0}
  m_LocalScale: {x: 1, y: 1, z: 1}
  m_Children: []
  m_Father: {fileID: 4073337776200932}
  m_RootOrder: 0
  m_LocalEulerAnglesHint: {x: -90, y: 0, z: 0}
--- !u!137 &137196479097751808
SkinnedMeshRenderer:
  m_GameObject: {fileID: 1726938707614228}
  m_Enabled: 1
  m_CastShadows: 1
  m_ReceiveShadows: 1
  m_DynamicOccludee: 1
  m_MotionVectors: 1
  m_LightProbeUsage: 1
  m_ReflectionProbeUsage: 1
  m_Materials:
  - {fileID: 2100000, guid: ff1f2fb48a6045d43b9c9b0a51e2641a, type: 2}
  - {fileID: 2100000, guid: b616cafc446deb340923230278e0dc86, type: 2}
  m_StaticBatchInfo:
    firstSubMesh: 0
    subMeshCount: 0
  m_StaticBatchRoot: {fileID: 0}
  m_ProbeAnchor: {fileID: 0}
  m_LightProbeVolumeOverride: {fileID: 0}
  m_ScaleInLightmap: 1
  m_PreserveUVs: 0
  m_IgnoreNormalsForChartDetection: 0
  m_ImportantGI: 0
  m_StitchLightmapSeams: 0
  m_SelectedEditorRenderState: 3
  m_MinimumChartSize: 4
  m_AutoUVMaxDistance: 0.5
  m_AutoUVMaxAngle: 89
  m_LightmapParameters: {fileID: 0}
  m_SortingLayerID: 0
  m_SortingLayer: 0
  m_SortingOrder: 0
  serializedVersion: 2
  m_Quality: 0
  m_UpdateWhenOffscreen: 0
  m_skinnedMotionVectors: 0
  m_Mesh: {fileID: 4300000, guid: e9c6037013561e843884254c1e0c69c0, type: 2}
  m_Bones:
  - {fileID: 4030103037631252}
  - {fileID: 4361993079712909}
  - {fileID: 4108203547168488}
  - {fileID: 4136160494750768}
  - {fileID: 4261265458843216}
  - {fileID: 4430189004273294}
  - {fileID: 4112324802688698}
  - {fileID: 4704739575225857}
  - {fileID: 4668874603002492}
  - {fileID: 4655545275366552}
  - {fileID: 4178888892345793}
  - {fileID: 4482848436756843}
  - {fileID: 4864254409145895}
  - {fileID: 4335415002479937}
  - {fileID: 4846192163510285}
  - {fileID: 4289317599579321}
  - {fileID: 4357625609592962}
  - {fileID: 4699982759261107}
  - {fileID: 4433152572511805}
  m_BlendShapeWeights: []
  m_RootBone: {fileID: 4136160494750768}
  m_AABB:
    m_Center: {x: -4.703102, y: -4.318684, z: 0.1091385}
    m_Extent: {x: 45.75864, y: 19.30182, z: 19.44082}
  m_DirtyAABB: 0
--- !u!1 &1153675114614522
GameObject:
  serializedVersion: 5
  m_Component:
  - component: {fileID: 4125141146496749}
  - component: {fileID: 137141254692115436}
  m_Layer: 0
  m_Name: Blumps_Outline
  m_TagString: Untagged
  m_Icon: {fileID: 0}
  m_NavMeshLayer: 0
  m_StaticEditorFlags: 0
  m_IsActive: 1
--- !u!4 &4125141146496749
Transform:
  m_GameObject: {fileID: 1153675114614522}
  m_LocalRotation: {x: -0.7071068, y: 0, z: 0, w: 0.7071068}
  m_LocalPosition: {x: 0.3752915, y: 0, z: 0}
  m_LocalScale: {x: 1, y: 1, z: 1}
  m_Children: []
  m_Father: {fileID: 4073337776200932}
  m_RootOrder: 1
  m_LocalEulerAnglesHint: {x: -90, y: 0, z: 0}
--- !u!137 &137141254692115436
SkinnedMeshRenderer:
  m_GameObject: {fileID: 1153675114614522}
  m_Enabled: 1
  m_CastShadows: 1
  m_ReceiveShadows: 1
  m_DynamicOccludee: 1
  m_MotionVectors: 1
  m_LightProbeUsage: 1
  m_ReflectionProbeUsage: 1
  m_Materials:
  - {fileID: 2100000, guid: ff1f2fb48a6045d43b9c9b0a51e2641a, type: 2}
  m_StaticBatchInfo:
    firstSubMesh: 0
    subMeshCount: 0
  m_StaticBatchRoot: {fileID: 0}
  m_ProbeAnchor: {fileID: 0}
  m_LightProbeVolumeOverride: {fileID: 0}
  m_ScaleInLightmap: 1
  m_PreserveUVs: 0
  m_IgnoreNormalsForChartDetection: 0
  m_ImportantGI: 0
  m_StitchLightmapSeams: 0
  m_SelectedEditorRenderState: 3
  m_MinimumChartSize: 4
  m_AutoUVMaxDistance: 0.5
  m_AutoUVMaxAngle: 89
  m_LightmapParameters: {fileID: 0}
  m_SortingLayerID: 0
  m_SortingLayer: 0
  m_SortingOrder: 0
  serializedVersion: 2
  m_Quality: 0
  m_UpdateWhenOffscreen: 0
  m_skinnedMotionVectors: 0
  m_Mesh: {fileID: 4300000, guid: 7e7b7961d1587e748b2e9cc8d0b577a7, type: 2}
  m_Bones:
  - {fileID: 4030103037631252}
  - {fileID: 4668874603002492}
  - {fileID: 4361993079712909}
  - {fileID: 4108203547168488}
  - {fileID: 4136160494750768}
  - {fileID: 4430189004273294}
  - {fileID: 4704739575225857}
  - {fileID: 4112324802688698}
  - {fileID: 4482848436756843}
  - {fileID: 4261265458843216}
  - {fileID: 4655545275366552}
  - {fileID: 4178888892345793}
  - {fileID: 4864254409145895}
  - {fileID: 4335415002479937}
  - {fileID: 4846192163510285}
  - {fileID: 4289317599579321}
  - {fileID: 4357625609592962}
  - {fileID: 4699982759261107}
  - {fileID: 4433152572511805}
  m_BlendShapeWeights: []
  m_RootBone: {fileID: 4136160494750768}
  m_AABB:
    m_Center: {x: -4.782364, y: -4.333216, z: 0.1291046}
    m_Extent: {x: 46.25978, y: 19.85109, z: 19.889}
  m_DirtyAABB: 0
--- !u!1 &1724256226842414
GameObject:
  serializedVersion: 5
  m_Component:
  - component: {fileID: 4934725736829264}
  - component: {fileID: 137959116833781425}
  m_Layer: 0
  m_Name: M_MOUTH
  m_TagString: Untagged
  m_Icon: {fileID: 0}
  m_NavMeshLayer: 0
  m_StaticEditorFlags: 0
  m_IsActive: 1
--- !u!4 &4934725736829264
Transform:
  m_GameObject: {fileID: 1724256226842414}
  m_LocalRotation: {x: -0.7071068, y: 0, z: 0, w: 0.7071068}
  m_LocalPosition: {x: 0.3752915, y: 0, z: 0}
  m_LocalScale: {x: 1, y: 1, z: 1}
  m_Children: []
  m_Father: {fileID: 4073337776200932}
  m_RootOrder: 2
  m_LocalEulerAnglesHint: {x: -90, y: 0, z: 0}
--- !u!137 &137959116833781425
SkinnedMeshRenderer:
  m_GameObject: {fileID: 1724256226842414}
  m_Enabled: 1
  m_CastShadows: 1
  m_ReceiveShadows: 1
  m_DynamicOccludee: 1
  m_MotionVectors: 1
  m_LightProbeUsage: 1
  m_ReflectionProbeUsage: 1
  m_Materials:
  - {fileID: 2100000, guid: b616cafc446deb340923230278e0dc86, type: 2}
  m_StaticBatchInfo:
    firstSubMesh: 0
    subMeshCount: 0
  m_StaticBatchRoot: {fileID: 0}
  m_ProbeAnchor: {fileID: 0}
  m_LightProbeVolumeOverride: {fileID: 0}
  m_ScaleInLightmap: 1
  m_PreserveUVs: 0
  m_IgnoreNormalsForChartDetection: 0
  m_ImportantGI: 0
  m_StitchLightmapSeams: 0
  m_SelectedEditorRenderState: 3
  m_MinimumChartSize: 4
  m_AutoUVMaxDistance: 0.5
  m_AutoUVMaxAngle: 89
  m_LightmapParameters: {fileID: 0}
  m_SortingLayerID: 0
  m_SortingLayer: 0
  m_SortingOrder: 0
  serializedVersion: 2
  m_Quality: 0
  m_UpdateWhenOffscreen: 0
  m_skinnedMotionVectors: 0
  m_Mesh: {fileID: 4300000, guid: ea026e7caf3579f43a9c2830426491b0, type: 2}
  m_Bones:
  - {fileID: 4108203547168488}
  - {fileID: 4699982759261107}
  m_BlendShapeWeights: []
  m_RootBone: {fileID: 4699982759261107}
  m_AABB:
    m_Center: {x: -1.784883, y: -8.508037, z: 0.002927303}
    m_Extent: {x: 5.283724, y: 6.013455, z: 6.829271}
  m_DirtyAABB: 0
--- !u!1 &1500798295263633
GameObject:
  serializedVersion: 5
  m_Component:
  - component: {fileID: 4136160494750768}
  m_Layer: 0
  m_Name: Puppet
  m_TagString: Untagged
  m_Icon: {fileID: 0}
  m_NavMeshLayer: 0
  m_StaticEditorFlags: 0
  m_IsActive: 1
--- !u!4 &4136160494750768
Transform:
  m_GameObject: {fileID: 1500798295263633}
  m_LocalRotation: {x: 0.4991271, y: -0.5008715, z: -0.4991269, w: 0.5008714}
  m_LocalPosition: {x: -0.008039385, y: 39.25478, z: 0.7651761}
  m_LocalScale: {x: 1, y: 1, z: 1}
  m_Children:
  - {fileID: 4027846076286923}
  - {fileID: 4112324802688698}
  - {fileID: 4261265458843216}
  - {fileID: 4430189004273294}
  m_Father: {fileID: 4073337776200932}
  m_RootOrder: 3
  m_LocalEulerAnglesHint: {x: 90.00002, y: 0.1998975, z: 90}
--- !u!1 &1483774498818305
GameObject:
  serializedVersion: 5
  m_Component:
  - component: {fileID: 4027846076286923}
  m_Layer: 0
  m_Name: Puppet_Donut
  m_TagString: Untagged
  m_Icon: {fileID: 0}
  m_NavMeshLayer: 0
  m_StaticEditorFlags: 0
  m_IsActive: 1
--- !u!4 &4027846076286923
Transform:
  m_GameObject: {fileID: 1483774498818305}
  m_LocalRotation: {x: 3.461713E-07, y: -7.166433E-08, z: -0.1305261, w: 0.9914449}
  m_LocalPosition: {x: 1.144409E-05, y: -2.44379E-06, z: -1.188368E-06}
  m_LocalScale: {x: 0.9999995, y: 0.9999995, z: 0.9999999}
  m_Children: []
  m_Father: {fileID: 4136160494750768}
  m_RootOrder: 0
  m_LocalEulerAnglesHint: {x: 4.040084E-05, y: 2.96412E-06, z: 14.99999}
--- !u!1 &1229639928135210
GameObject:
  serializedVersion: 5
  m_Component:
  - component: {fileID: 4112324802688698}
  m_Layer: 0
  m_Name: Puppet_L_Thigh
  m_TagString: Untagged
  m_Icon: {fileID: 0}
  m_NavMeshLayer: 0
  m_StaticEditorFlags: 0
  m_IsActive: 1
--- !u!4 &4112324802688698
Transform:
  m_GameObject: {fileID: 1229639928135210}
  m_LocalRotation: {x: -0.1259687, y: 0.9920124, z: 0.005712454, w: 0.003267554}
  m_LocalPosition: {x: 2.213097, y: 0.6187856, z: 4.917744}
  m_LocalScale: {x: 1, y: 1, z: 1}
  m_Children:
  - {fileID: 4482848436756843}
  m_Father: {fileID: 4136160494750768}
  m_RootOrder: 1
  m_LocalEulerAnglesHint: {x: 179.3978, y: -0.453907, z: 165.5287}
--- !u!1 &1615914196611987
GameObject:
  serializedVersion: 5
  m_Component:
  - component: {fileID: 4482848436756843}
  m_Layer: 0
  m_Name: Puppet_L_Calf
  m_TagString: Untagged
  m_Icon: {fileID: 0}
  m_NavMeshLayer: 0
  m_StaticEditorFlags: 0
  m_IsActive: 1
--- !u!4 &4482848436756843
Transform:
  m_GameObject: {fileID: 1615914196611987}
  m_LocalRotation: {x: 0.002296239, y: 0.0006979639, z: 0.2789061, w: 0.9603154}
  m_LocalPosition: {x: -16.28725, y: -1.907349E-06, z: -3.33786E-06}
  m_LocalScale: {x: 0.9999999, y: 1, z: 1}
  m_Children:
  - {fileID: 4864254409145895}
  m_Father: {fileID: 4112324802688698}
  m_RootOrder: 0
  m_LocalEulerAnglesHint: {x: 0.2749956, y: -0.003418298, z: -32.38996}
--- !u!1 &1679900995532804
GameObject:
  serializedVersion: 5
  m_Component:
  - component: {fileID: 4864254409145895}
  m_Layer: 0
  m_Name: Puppet_L_Foot
  m_TagString: Untagged
  m_Icon: {fileID: 0}
  m_NavMeshLayer: 0
  m_StaticEditorFlags: 0
  m_IsActive: 1
--- !u!4 &4864254409145895
Transform:
  m_GameObject: {fileID: 1679900995532804}
  m_LocalRotation: {x: 0.002598794, y: -0.001792288, z: -0.7494864, w: 0.6620123}
  m_LocalPosition: {x: -19.92231, y: -2.980232E-06, z: -3.814697E-06}
  m_LocalScale: {x: 0.9999999, y: 0.9999999, z: 0.9999999}
  m_Children: []
  m_Father: {fileID: 4482848436756843}
  m_RootOrder: 0
  m_LocalEulerAnglesHint: {x: 0.35108, y: -0.08723215, z: 97.09219}
--- !u!1 &1648473550309575
GameObject:
  serializedVersion: 5
  m_Component:
  - component: {fileID: 4261265458843216}
  m_Layer: 0
  m_Name: Puppet_R_Thigh
  m_TagString: Untagged
  m_Icon: {fileID: 0}
  m_NavMeshLayer: 0
  m_StaticEditorFlags: 0
  m_IsActive: 1
--- !u!4 &4261265458843216
Transform:
  m_GameObject: {fileID: 1648473550309575}
  m_LocalRotation: {x: -0.1259451, y: 0.9920111, z: -0.005438762, w: -0.004726201}
  m_LocalPosition: {x: 2.2131, y: 0.6187856, z: -4.917744}
  m_LocalScale: {x: 1, y: 0.9999999, z: 1}
  m_Children:
  - {fileID: 4655545275366552}
  m_Father: {fileID: 4136160494750768}
  m_RootOrder: 2
  m_LocalEulerAnglesHint: {x: -179.4499, y: 0.6157615, z: 165.5319}
--- !u!1 &1651523446395036
GameObject:
  serializedVersion: 5
  m_Component:
  - component: {fileID: 4655545275366552}
  m_Layer: 0
  m_Name: Puppet_R_Calf
  m_TagString: Untagged
  m_Icon: {fileID: 0}
  m_NavMeshLayer: 0
  m_StaticEditorFlags: 0
  m_IsActive: 1
--- !u!4 &4655545275366552
Transform:
  m_GameObject: {fileID: 1651523446395036}
  m_LocalRotation: {x: -0.002257515, y: -0.0008221258, z: 0.2787453, w: 0.9603621}
  m_LocalPosition: {x: -16.28726, y: -2.861023E-06, z: 8.106232E-06}
  m_LocalScale: {x: 1, y: 1, z: 1}
  m_Children:
  - {fileID: 4178888892345793}
  m_Father: {fileID: 4261265458843216}
  m_RootOrder: 0
  m_LocalEulerAnglesHint: {x: -0.2746995, y: 0.01836521, z: -32.3708}
--- !u!1 &1737809115250301
GameObject:
  serializedVersion: 5
  m_Component:
  - component: {fileID: 4178888892345793}
  m_Layer: 0
  m_Name: Puppet_R_Foot
  m_TagString: Untagged
  m_Icon: {fileID: 0}
  m_NavMeshLayer: 0
  m_StaticEditorFlags: 0
  m_IsActive: 1
--- !u!4 &4178888892345793
Transform:
  m_GameObject: {fileID: 1737809115250301}
  m_LocalRotation: {x: -0.001644406, y: 0.0008424386, z: -0.7494131, w: 0.6621001}
  m_LocalPosition: {x: -19.92231, y: -7.152557E-07, z: 0}
  m_LocalScale: {x: 1, y: 1, z: 1}
  m_Children: []
  m_Father: {fileID: 4655545275366552}
  m_RootOrder: 0
  m_LocalEulerAnglesHint: {x: -0.1971091, y: 0.07729901, z: 97.07922}
--- !u!1 &1740741381108222
GameObject:
  serializedVersion: 5
  m_Component:
  - component: {fileID: 4430189004273294}
  m_Layer: 0
  m_Name: Puppet_Spine
  m_TagString: Untagged
  m_Icon: {fileID: 0}
  m_NavMeshLayer: 0
  m_StaticEditorFlags: 0
  m_IsActive: 1
--- !u!4 &4430189004273294
Transform:
  m_GameObject: {fileID: 1740741381108222}
  m_LocalRotation: {x: 6.63161E-07, y: 1.178381E-07, z: 0.135379, w: 0.9907939}
  m_LocalPosition: {x: -2.289631, y: 0.01981479, z: -1.817942E-06}
  m_LocalScale: {x: 1, y: 1, z: 1}
  m_Children:
  - {fileID: 4030103037631252}
  m_Father: {fileID: 4136160494750768}
  m_RootOrder: 3
  m_LocalEulerAnglesHint: {x: 7.712111E-05, y: -3.091128E-06, z: -15.56107}
--- !u!1 &1861774506923415
GameObject:
  serializedVersion: 5
  m_Component:
  - component: {fileID: 4030103037631252}
  m_Layer: 0
  m_Name: Puppet_Spine1
  m_TagString: Untagged
  m_Icon: {fileID: 0}
  m_NavMeshLayer: 0
  m_StaticEditorFlags: 0
  m_IsActive: 1
--- !u!4 &4030103037631252
Transform:
  m_GameObject: {fileID: 1861774506923415}
  m_LocalRotation: {x: -0.0003171609, y: 4.840249E-05, z: -0.1513384, w: 0.988482}
  m_LocalPosition: {x: -5.340961, y: 9.536743E-07, z: -1.592562E-07}
  m_LocalScale: {x: 1, y: 1, z: 0.9999999}
  m_Children:
  - {fileID: 4704739575225857}
  - {fileID: 4361993079712909}
  - {fileID: 4668874603002492}
  m_Father: {fileID: 4430189004273294}
  m_RootOrder: 0
  m_LocalEulerAnglesHint: {x: -0.03676476, y: 1.76062E-05, z: 17.40899}
--- !u!1 &1369783900974094
GameObject:
  serializedVersion: 5
  m_Component:
  - component: {fileID: 4704739575225857}
  m_Layer: 0
  m_Name: Puppet_L_UpperArm
  m_TagString: Untagged
  m_Icon: {fileID: 0}
  m_NavMeshLayer: 0
  m_StaticEditorFlags: 0
  m_IsActive: 1
--- !u!4 &4704739575225857
Transform:
  m_GameObject: {fileID: 1369783900974094}
  m_LocalRotation: {x: -0.08260614, y: 0.7065071, z: 0.6932809, w: 0.1156957}
  m_LocalPosition: {x: -14.5903, y: 2.027176, z: 8.214592}
  m_LocalScale: {x: 1, y: 1, z: 1}
  m_Children:
  - {fileID: 4289317599579321}
  m_Father: {fileID: 4030103037631252}
  m_RootOrder: 0
  m_LocalEulerAnglesHint: {x: 90.71294, y: -16.14196, z: -177.3928}
--- !u!1 &1061771423298412
GameObject:
  serializedVersion: 5
  m_Component:
  - component: {fileID: 4289317599579321}
  m_Layer: 0
  m_Name: Puppet_L_Forearm
  m_TagString: Untagged
  m_Icon: {fileID: 0}
  m_NavMeshLayer: 0
  m_StaticEditorFlags: 0
  m_IsActive: 1
--- !u!4 &4289317599579321
Transform:
  m_GameObject: {fileID: 1061771423298412}
  m_LocalRotation: {x: -0.0361236, y: 0.08123196, z: 0.03520669, w: 0.995418}
  m_LocalPosition: {x: -19.29551, y: 0.05040169, z: -0.4900222}
  m_LocalScale: {x: 0.9999999, y: 1, z: 1}
  m_Children:
  - {fileID: 4357625609592962}
  m_Father: {fileID: 4704739575225857}
  m_RootOrder: 0
  m_LocalEulerAnglesHint: {x: -3.847891, y: -9.454428, z: -3.732958}
--- !u!1 &1863260046502467
GameObject:
  serializedVersion: 5
  m_Component:
  - component: {fileID: 4357625609592962}
  m_Layer: 0
  m_Name: Puppet_L_Hand
  m_TagString: Untagged
  m_Icon: {fileID: 0}
  m_NavMeshLayer: 0
  m_StaticEditorFlags: 0
  m_IsActive: 1
--- !u!4 &4357625609592962
Transform:
  m_GameObject: {fileID: 1863260046502467}
  m_LocalRotation: {x: 0.02301365, y: -0.02155313, z: 0.01468061, w: 0.999395}
  m_LocalPosition: {x: -18.07058, y: 1.907349E-06, z: 1.907349E-06}
  m_LocalScale: {x: 0.9999999, y: 0.9999999, z: 0.9999998}
  m_Children:
  - {fileID: 4636412735702468}
  m_Father: {fileID: 4289317599579321}
  m_RootOrder: 0
  m_LocalEulerAnglesHint: {x: 2.602703, y: 2.507828, z: -1.626192}
--- !u!1 &1125624984563769
GameObject:
  serializedVersion: 5
  m_Component:
  - component: {fileID: 4636412735702468}
  m_Layer: 0
  m_Name: Puppet_Blumps_CardsHand
  m_TagString: Untagged
  m_Icon: {fileID: 0}
  m_NavMeshLayer: 0
  m_StaticEditorFlags: 0
  m_IsActive: 1
--- !u!4 &4636412735702468
Transform:
  m_GameObject: {fileID: 1125624984563769}
  m_LocalRotation: {x: -0.2668788, y: 0.6752549, z: 0.6368837, w: 0.2592018}
  m_LocalPosition: {x: -5.381197, y: -0.3909645, z: 2.509295}
  m_LocalScale: {x: 1, y: 0.9999998, z: 0.9999996}
  m_Children: []
  m_Father: {fileID: 4357625609592962}
  m_RootOrder: 0
  m_LocalEulerAnglesHint: {x: 94.30925, y: -43.6298, z: 177.604}
--- !u!1 &1268093608238950
GameObject:
  serializedVersion: 5
  m_Component:
  - component: {fileID: 4361993079712909}
  m_Layer: 0
  m_Name: Puppet_Neck
  m_TagString: Untagged
  m_Icon: {fileID: 0}
  m_NavMeshLayer: 0
  m_StaticEditorFlags: 0
  m_IsActive: 1
--- !u!4 &4361993079712909
Transform:
  m_GameObject: {fileID: 1268093608238950}
  m_LocalRotation: {x: 5.526923E-07, y: -4.530862E-05, z: -0.004618751, w: 0.9999893}
  m_LocalPosition: {x: -15.87018, y: 0.3055006, z: 1.038704E-05}
  m_LocalScale: {x: 0.9999999, y: 1, z: 1}
  m_Children:
  - {fileID: 4433152572511805}
  - {fileID: 4108203547168488}
  - {fileID: 4699982759261107}
  m_Father: {fileID: 4030103037631252}
  m_RootOrder: 1
  m_LocalEulerAnglesHint: {x: 8.731368E-05, y: 0.005191637, z: 0.5292718}
--- !u!1 &1436088792572017
GameObject:
  serializedVersion: 5
  m_Component:
  - component: {fileID: 4433152572511805}
  m_Layer: 0
  m_Name: Puppet_DonutHead
  m_TagString: Untagged
  m_Icon: {fileID: 0}
  m_NavMeshLayer: 0
  m_StaticEditorFlags: 0
  m_IsActive: 1
--- !u!4 &4433152572511805
Transform:
  m_GameObject: {fileID: 1436088792572017}
  m_LocalRotation: {x: 6.083375E-05, y: -0.000573391, z: 0.9146804, w: 0.4041776}
  m_LocalPosition: {x: -11.86025, y: -3.219296, z: -0.001138614}
  m_LocalScale: {x: 1, y: 1, z: 1}
  m_Children: []
  m_Father: {fileID: 4361993079712909}
  m_RootOrder: 0
  m_LocalEulerAnglesHint: {x: -0.05728225, y: 0.03293307, z: -132.3208}
--- !u!1 &1334540969710855
GameObject:
  serializedVersion: 5
  m_Component:
  - component: {fileID: 4108203547168488}
  m_Layer: 0
  m_Name: Puppet_Head
  m_TagString: Untagged
  m_Icon: {fileID: 0}
  m_NavMeshLayer: 0
  m_StaticEditorFlags: 0
  m_IsActive: 1
--- !u!4 &4108203547168488
Transform:
  m_GameObject: {fileID: 1334540969710855}
  m_LocalRotation: {x: 1.082559E-06, y: 1.40577E-05, z: 0.02379964, w: 0.9997168}
  m_LocalPosition: {x: -7.934532, y: 2.384186E-07, z: -2.058223E-07}
  m_LocalScale: {x: 1, y: 1, z: 1}
  m_Children: []
  m_Father: {fileID: 4361993079712909}
  m_RootOrder: 1
  m_LocalEulerAnglesHint: {x: 0.0001623557, y: -0.001607485, z: -2.727495}
--- !u!1 &1440982515362791
GameObject:
  serializedVersion: 5
  m_Component:
  - component: {fileID: 4699982759261107}
  m_Layer: 0
  m_Name: Puppet_Jaw
  m_TagString: Untagged
  m_Icon: {fileID: 0}
  m_NavMeshLayer: 0
  m_StaticEditorFlags: 0
  m_IsActive: 1
--- !u!4 &4699982759261107
Transform:
  m_GameObject: {fileID: 1440982515362791}
  m_LocalRotation: {x: -1.234703E-05, y: 6.600217E-06, z: -0.8579229, w: 0.5137785}
  m_LocalPosition: {x: -7.322304, y: 1.357544, z: -0.001063352}
  m_LocalScale: {x: 0.9999998, y: 1, z: 1}
  m_Children: []
  m_Father: {fileID: 4361993079712909}
  m_RootOrder: 2
  m_LocalEulerAnglesHint: {x: -0.001375799, y: 0.0008252596, z: 118.1683}
--- !u!1 &1643236300366745
GameObject:
  serializedVersion: 5
  m_Component:
  - component: {fileID: 4668874603002492}
  m_Layer: 0
  m_Name: Puppet_R_UpperArm
  m_TagString: Untagged
  m_Icon: {fileID: 0}
  m_NavMeshLayer: 0
  m_StaticEditorFlags: 0
  m_IsActive: 1
--- !u!4 &4668874603002492
Transform:
  m_GameObject: {fileID: 1643236300366745}
  m_LocalRotation: {x: -0.08268039, y: 0.7069508, z: -0.6928284, w: -0.1156429}
  m_LocalPosition: {x: -14.5903, y: 2.027083, z: -8.214617}
  m_LocalScale: {x: 0.9999999, y: 0.9999999, z: 1}
  m_Children:
  - {fileID: 4335415002479937}
  m_Father: {fileID: 4030103037631252}
  m_RootOrder: 2
  m_LocalEulerAnglesHint: {x: -90.78923, y: 16.14531, z: -177.414}
--- !u!1 &1376724021093788
GameObject:
  serializedVersion: 5
  m_Component:
  - component: {fileID: 4335415002479937}
  m_Layer: 0
  m_Name: Puppet_R_Forearm
  m_TagString: Untagged
  m_Icon: {fileID: 0}
  m_NavMeshLayer: 0
  m_StaticEditorFlags: 0
  m_IsActive: 1
--- !u!4 &4335415002479937
Transform:
  m_GameObject: {fileID: 1376724021093788}
  m_LocalRotation: {x: 0.03612366, y: -0.08123201, z: 0.03520723, w: 0.995418}
  m_LocalPosition: {x: -19.29552, y: 0.05038071, z: 0.49002}
  m_LocalScale: {x: 1, y: 1, z: 0.9999999}
  m_Children:
  - {fileID: 4846192163510285}
  m_Father: {fileID: 4668874603002492}
  m_RootOrder: 0
  m_LocalEulerAnglesHint: {x: 3.847893, y: 9.454436, z: -3.73302}
--- !u!1 &1997543484513750
GameObject:
  serializedVersion: 5
  m_Component:
  - component: {fileID: 4846192163510285}
  m_Layer: 0
  m_Name: Puppet_R_Hand
  m_TagString: Untagged
  m_Icon: {fileID: 0}
  m_NavMeshLayer: 0
  m_StaticEditorFlags: 0
  m_IsActive: 1
--- !u!4 &4846192163510285
Transform:
  m_GameObject: {fileID: 1997543484513750}
  m_LocalRotation: {x: -0.02301391, y: 0.02155305, z: 0.01468062, w: 0.999395}
  m_LocalPosition: {x: -18.07058, y: 0, z: 9.536743E-07}
  m_LocalScale: {x: 0.9999996, y: 0.9999998, z: 0.9999996}
  m_Children:
  - {fileID: 4345028644708155}
  m_Father: {fileID: 4335415002479937}
  m_RootOrder: 0
  m_LocalEulerAnglesHint: {x: -2.602733, y: -2.50782, z: -1.626193}
--- !u!1 &1882110404525844
GameObject:
  serializedVersion: 5
  m_Component:
  - component: {fileID: 4345028644708155}
  m_Layer: 0
  m_Name: Puppet_CardPlay
  m_TagString: Untagged
  m_Icon: {fileID: 0}
  m_NavMeshLayer: 0
  m_StaticEditorFlags: 0
  m_IsActive: 1
--- !u!4 &4345028644708155
Transform:
  m_GameObject: {fileID: 1882110404525844}
  m_LocalRotation: {x: -0.2668788, y: 0.6752548, z: -0.6368838, w: -0.2592019}
  m_LocalPosition: {x: -5.381197, y: -0.3909645, z: -2.509295}
  m_LocalScale: {x: 1, y: 0.9999998, z: 1}
  m_Children: []
  m_Father: {fileID: 4846192163510285}
  m_RootOrder: 0
  m_LocalEulerAnglesHint: {x: -94.30923, y: 43.62981, z: 177.604}
--- !u!1 &1984095591236968
GameObject:
  serializedVersion: 5
  m_Component:
  - component: {fileID: 4832225165200781}
  m_Layer: 0
  m_Name: Puppet_Root
  m_TagString: Untagged
  m_Icon: {fileID: 0}
  m_NavMeshLayer: 0
  m_StaticEditorFlags: 0
  m_IsActive: 1
--- !u!4 &4832225165200781
Transform:
  m_GameObject: {fileID: 1984095591236968}
  m_LocalRotation: {x: -0.7071067, y: -1.256074E-15, z: -1.256074E-15, w: 0.7071068}
  m_LocalPosition: {x: -0.0005372986, y: 0, z: 0.01076241}
  m_LocalScale: {x: 1, y: 1, z: 1}
  m_Children: []
  m_Father: {fileID: 4073337776200932}
  m_RootOrder: 4
  m_LocalEulerAnglesHint: {x: -89.99999, y: 2.035555E-13, z: -1.12996E-29}
