%YAML 1.1
%TAG !u! tag:unity3d.com,2011:
--- !u!1001 &100100000
Prefab:
  serializedVersion: 2
  m_Modification:
    m_TransformParent: {fileID: 0}
    m_Modifications: []
    m_RemovedComponents: []
  m_ParentPrefab: {fileID: 0}
  m_RootGameObject: {fileID: 1438131152697452}
  m_IsPrefabParent: 1
--- !u!1 &1438131152697452
GameObject:
  serializedVersion: 5
  m_Component:
  - component: {fileID: 4222069528469806}
  - component: {fileID: 114968453166043474}
  - component: {fileID: 82729989951201247}
  m_Layer: 0
  m_Name: Cake
  m_TagString: Untagged
  m_Icon: {fileID: 0}
  m_NavMeshLayer: 0
  m_StaticEditorFlags: 0
  m_IsActive: 1
--- !u!4 &4222069528469806
Transform:
  m_GameObject: {fileID: 1438131152697452}
  m_LocalRotation: {x: 0, y: 0, z: 0, w: 1}
  m_LocalPosition: {x: -22.61775, y: -22.8439, z: 13.23043}
  m_LocalScale: {x: 1, y: 1, z: 1}
  m_Children:
  - {fileID: 4440965457017769}
  m_Father: {fileID: 0}
  m_RootOrder: 0
  m_LocalEulerAnglesHint: {x: 0, y: 0, z: 0}
--- !u!114 &114968453166043474
MonoBehaviour:
  m_GameObject: {fileID: 1438131152697452}
  m_Enabled: 1
  m_EditorHideFlags: 0
  m_Script: {fileID: 11500000, guid: f1301ae4a7b966f4c9f56b5de9594888, type: 3}
  m_Name:
  m_EditorClassIdentifier:
  OpeningClips: []
  WinClips:
  - {fileID: 0}
  LoseClips: []
  DestroyCreatureClips: []
  PlayCreatureClips:
  - {fileID: 0}
  - {fileID: 0}
  PlayBuildingClips:
  - {fileID: 0}
  - {fileID: 0}
  PlaySpellClips:
  - {fileID: 0}
  - {fileID: 0}
  CreatureDestroyedClips:
  - {fileID: 0}
  - {fileID: 0}
  BuildingDestroyedClips:
  - {fileID: 0}
  - {fileID: 0}
  FloopClips: []
  HeroDamagedClips:
  - {fileID: 0}
  - {fileID: 0}
  LeaderAbilityClips:
  - {fileID: 0}
  - {fileID: 0}
--- !u!82 &82729989951201247
AudioSource:
  m_GameObject: {fileID: 1438131152697452}
  m_Enabled: 1
  serializedVersion: 4
  OutputAudioMixerGroup: {fileID: 0}
  m_audioClip: {fileID: 0}
  m_PlayOnAwake: 1
  m_Volume: 1
  m_Pitch: 1
  Loop: 0
  Mute: 0
  Spatialize: 0
  SpatializePostEffects: 0
  Priority: 128
  DopplerLevel: 1
  MinDistance: 1
  MaxDistance: 500
  Pan2D: 0
  rolloffMode: 0
  BypassEffects: 0
  BypassListenerEffects: 0
  BypassReverbZones: 0
  rolloffCustomCurve:
    serializedVersion: 2
    m_Curve:
    - serializedVersion: 2
      time: 0
      value: 1
      inSlope: 0
      outSlope: 0
      tangentMode: 0
    - serializedVersion: 2
      time: 1
      value: 0
      inSlope: 0
      outSlope: 0
      tangentMode: 0
    m_PreInfinity: 2
    m_PostInfinity: 2
    m_RotationOrder: 0
  panLevelCustomCurve:
    serializedVersion: 2
    m_Curve:
    - serializedVersion: 2
      time: 0
      value: 0
      inSlope: 0
      outSlope: 0
      tangentMode: 0
    m_PreInfinity: 2
    m_PostInfinity: 2
    m_RotationOrder: 0
  spreadCustomCurve:
    serializedVersion: 2
    m_Curve:
    - serializedVersion: 2
      time: 0
      value: 0
      inSlope: 0
      outSlope: 0
      tangentMode: 0
    m_PreInfinity: 2
    m_PostInfinity: 2
    m_RotationOrder: 0
  reverbZoneMixCustomCurve:
    serializedVersion: 2
    m_Curve:
    - serializedVersion: 2
      time: 0
      value: 1
      inSlope: 0
      outSlope: 0
      tangentMode: 0
    m_PreInfinity: 2
    m_PostInfinity: 2
    m_RotationOrder: 0
--- !u!1 &1606885559926537
GameObject:
  serializedVersion: 5
  m_Component:
  - component: {fileID: 4440965457017769}
  - component: {fileID: 111017635456143998}
  m_Layer: 0
  m_Name: CakeCharacter
  m_TagString: Untagged
  m_Icon: {fileID: 0}
  m_NavMeshLayer: 0
  m_StaticEditorFlags: 0
  m_IsActive: 1
--- !u!4 &4440965457017769
Transform:
  m_GameObject: {fileID: 1606885559926537}
  m_LocalRotation: {x: 0, y: 0, z: 0, w: 1}
  m_LocalPosition: {x: 0, y: 0, z: 0}
  m_LocalScale: {x: 1, y: 1, z: 1}
  m_Children:
  - {fileID: 4763517022027020}
  - {fileID: 4075194021761874}
  - {fileID: 4551637606689474}
  - {fileID: 4810777556854136}
  - {fileID: 4607075520483753}
  m_Father: {fileID: 4222069528469806}
  m_RootOrder: 0
  m_LocalEulerAnglesHint: {x: 0, y: 0, z: 0}
--- !u!111 &111017635456143998
Animation:
  m_GameObject: {fileID: 1606885559926537}
  m_Enabled: 1
  serializedVersion: 3
  m_Animation: {fileID: 0}
  m_Animations:
  - {fileID: 7400000, guid: 85dbf1aec2985e34081cd3e1d543c073, type: 2}
  - {fileID: 7400000, guid: 64bfea2d265bd19498ccee98fcc3d5a5, type: 2}
  - {fileID: 7400000, guid: 85dbf1aec2985e34081cd3e1d543c073, type: 2}
  - {fileID: 7400000, guid: 6ac6e1a8a2e5a9e408c2d44a6f5e14be, type: 2}
  - {fileID: 7400000, guid: 85dbf1aec2985e34081cd3e1d543c073, type: 2}
  - {fileID: 7400000, guid: 6f35cfb118c10504bb4d198bcc479167, type: 2}
  - {fileID: 7400000, guid: 6f35cfb118c10504bb4d198bcc479167, type: 2}
  - {fileID: 7400000, guid: 2cedf5b956d3a0a4d94505413092f9e9, type: 2}
  - {fileID: 7400000, guid: 2cedf5b956d3a0a4d94505413092f9e9, type: 2}
  - {fileID: 7400000, guid: 60aae73e78af1f24eb8b7604bf154278, type: 2}
  - {fileID: 7400000, guid: 6703b05846da25148a723a8087c4d2a1, type: 2}
  - {fileID: 7400000, guid: 687cedc99422d17419a3234a4bc5aa9a, type: 2}
  - {fileID: 7400000, guid: e901391649c1c2448baf84e633978c5f, type: 2}
  m_WrapMode: 0
  m_PlayAutomatically: 1
  m_AnimatePhysics: 0
  m_CullingType: 1
--- !u!1 &1923391257822165
GameObject:
  serializedVersion: 5
  m_Component:
  - component: {fileID: 4763517022027020}
  - component: {fileID: 137267853207021925}
  m_Layer: 0
  m_Name: Cake
  m_TagString: Untagged
  m_Icon: {fileID: 0}
  m_NavMeshLayer: 0
  m_StaticEditorFlags: 0
  m_IsActive: 1
--- !u!4 &4763517022027020
Transform:
  m_GameObject: {fileID: 1923391257822165}
  m_LocalRotation: {x: -0.7071068, y: 0, z: 0, w: 0.7071068}
  m_LocalPosition: {x: 0.00719451, y: 33.12277, z: -0.9254806}
  m_LocalScale: {x: 1, y: 1, z: 1}
  m_Children: []
  m_Father: {fileID: 4440965457017769}
  m_RootOrder: 0
  m_LocalEulerAnglesHint: {x: -90, y: 0, z: 0}
--- !u!137 &137267853207021925
SkinnedMeshRenderer:
  m_GameObject: {fileID: 1923391257822165}
  m_Enabled: 1
  m_CastShadows: 1
  m_ReceiveShadows: 1
  m_DynamicOccludee: 1
  m_MotionVectors: 1
  m_LightProbeUsage: 0
  m_ReflectionProbeUsage: 1
  m_Materials:
  - {fileID: 2100000, guid: 7562425b22a62b647bda32c814b01069, type: 2}
  m_StaticBatchInfo:
    firstSubMesh: 0
    subMeshCount: 0
  m_StaticBatchRoot: {fileID: 0}
  m_ProbeAnchor: {fileID: 0}
  m_LightProbeVolumeOverride: {fileID: 0}
  m_ScaleInLightmap: 1
  m_PreserveUVs: 0
  m_IgnoreNormalsForChartDetection: 0
  m_ImportantGI: 0
  m_StitchLightmapSeams: 0
  m_SelectedEditorRenderState: 3
  m_MinimumChartSize: 4
  m_AutoUVMaxDistance: 0.5
  m_AutoUVMaxAngle: 89
  m_LightmapParameters: {fileID: 0}
  m_SortingLayerID: 0
  m_SortingLayer: 0
  m_SortingOrder: 0
  serializedVersion: 2
  m_Quality: 0
  m_UpdateWhenOffscreen: 0
  m_skinnedMotionVectors: 0
  m_Mesh: {fileID: 4300000, guid: 2a54e89de5fe27347a885b826e38bfb3, type: 2}
  m_Bones:
  - {fileID: 4534893067486169}
  - {fileID: 4731011532660895}
  - {fileID: 4311493059549688}
  - {fileID: 4008489962461673}
  - {fileID: 4296069597940555}
  - {fileID: 4168890128266660}
  - {fileID: 4444509162312957}
  - {fileID: 4941775880943081}
  - {fileID: 4841403173643762}
  - {fileID: 4733218301115965}
  - {fileID: 4844984183612162}
  - {fileID: 4414039377585255}
  - {fileID: 4351034229256738}
  - {fileID: 4727269876214630}
  - {fileID: 4469291791012510}
  - {fileID: 4810777556854136}
  - {fileID: 4647938033285934}
  - {fileID: 4811070689343065}
  - {fileID: 4641613592937210}
  - {fileID: 4070994937820455}
  - {fileID: 4421825291581091}
  - {fileID: 4972343183575933}
  - {fileID: 4357607364755569}
  - {fileID: 4578841918894450}
  - {fileID: 4531523676328754}
  - {fileID: 4329113114802036}
  - {fileID: 4172126960932582}
  - {fileID: 4176020282202894}
  - {fileID: 4786325108222585}
  - {fileID: 4671005965076716}
  - {fileID: 4785336778824417}
  - {fileID: 4109747124171016}
  - {fileID: 4147093971331930}
  - {fileID: 4334118846851876}
  - {fileID: 4288328859339950}
  - {fileID: 4117215031049288}
  m_BlendShapeWeights: []
  m_RootBone: {fileID: 4810777556854136}
  m_AABB:
    m_Center: {x: -6.14941, y: -2.934353, z: 1.790579}
    m_Extent: {x: 21.68421, y: 24.06791, z: 22.96674}
  m_DirtyAABB: 0
--- !u!1 &1222155082569864
GameObject:
  serializedVersion: 5
  m_Component:
  - component: {fileID: 4075194021761874}
  - component: {fileID: 137078541867133443}
  m_Layer: 0
  m_Name: Cake_Outline
  m_TagString: Untagged
  m_Icon: {fileID: 0}
  m_NavMeshLayer: 0
  m_StaticEditorFlags: 0
  m_IsActive: 1
--- !u!4 &4075194021761874
Transform:
  m_GameObject: {fileID: 1222155082569864}
  m_LocalRotation: {x: -0.7071068, y: 0, z: 0, w: 0.7071068}
  m_LocalPosition: {x: 0, y: 0, z: 0}
  m_LocalScale: {x: 1, y: 1, z: 1}
  m_Children: []
  m_Father: {fileID: 4440965457017769}
  m_RootOrder: 1
  m_LocalEulerAnglesHint: {x: -90, y: 0, z: 0}
--- !u!137 &137078541867133443
SkinnedMeshRenderer:
  m_GameObject: {fileID: 1222155082569864}
  m_Enabled: 1
  m_CastShadows: 1
  m_ReceiveShadows: 1
  m_DynamicOccludee: 1
  m_MotionVectors: 1
  m_LightProbeUsage: 0
  m_ReflectionProbeUsage: 1
  m_Materials:
  - {fileID: 2100000, guid: 7562425b22a62b647bda32c814b01069, type: 2}
  m_StaticBatchInfo:
    firstSubMesh: 0
    subMeshCount: 0
  m_StaticBatchRoot: {fileID: 0}
  m_ProbeAnchor: {fileID: 0}
  m_LightProbeVolumeOverride: {fileID: 0}
  m_ScaleInLightmap: 1
  m_PreserveUVs: 0
  m_IgnoreNormalsForChartDetection: 0
  m_ImportantGI: 0
  m_StitchLightmapSeams: 0
  m_SelectedEditorRenderState: 3
  m_MinimumChartSize: 4
  m_AutoUVMaxDistance: 0.5
  m_AutoUVMaxAngle: 89
  m_LightmapParameters: {fileID: 0}
  m_SortingLayerID: 0
  m_SortingLayer: 0
  m_SortingOrder: 0
  serializedVersion: 2
  m_Quality: 0
  m_UpdateWhenOffscreen: 0
  m_skinnedMotionVectors: 0
  m_Mesh: {fileID: 4300000, guid: 5fff29eaba3a83344b95c344f95df66c, type: 2}
  m_Bones:
  - {fileID: 4113584436694439}
  - {fileID: 4296069597940555}
  - {fileID: 4168890128266660}
  - {fileID: 4444509162312957}
  - {fileID: 4941775880943081}
  - {fileID: 4841403173643762}
  - {fileID: 4733218301115965}
  - {fileID: 4844984183612162}
  - {fileID: 4414039377585255}
  - {fileID: 4351034229256738}
  - {fileID: 4727269876214630}
  - {fileID: 4469291791012510}
  - {fileID: 4810777556854136}
  - {fileID: 4647938033285934}
  - {fileID: 4811070689343065}
  - {fileID: 4641613592937210}
  - {fileID: 4070994937820455}
  - {fileID: 4421825291581091}
  - {fileID: 4972343183575933}
  - {fileID: 4357607364755569}
  - {fileID: 4578841918894450}
  - {fileID: 4531523676328754}
  - {fileID: 4329113114802036}
  - {fileID: 4172126960932582}
  - {fileID: 4176020282202894}
  - {fileID: 4786325108222585}
  - {fileID: 4671005965076716}
  - {fileID: 4785336778824417}
  - {fileID: 4109747124171016}
  - {fileID: 4212223069662135}
  - {fileID: 4147093971331930}
  - {fileID: 4334118846851876}
  - {fileID: 4288328859339950}
  - {fileID: 4117215031049288}
  - {fileID: 4182090067711058}
  - {fileID: 4534893067486169}
  - {fileID: 4731011532660895}
  - {fileID: 4311493059549688}
  - {fileID: 4008489962461673}
  m_BlendShapeWeights: []
  m_RootBone: {fileID: 4810777556854136}
  m_AABB:
    m_Center: {x: -6.396717, y: -2.994678, z: 1.791327}
    m_Extent: {x: 22.46002, y: 24.88598, z: 23.8285}
  m_DirtyAABB: 0
--- !u!1 &1942985762653119
GameObject:
  serializedVersion: 5
  m_Component:
  - component: {fileID: 4551637606689474}
  - component: {fileID: 137917849624841223}
  m_Layer: 0
  m_Name: M_MOUTH
  m_TagString: Untagged
  m_Icon: {fileID: 0}
  m_NavMeshLayer: 0
  m_StaticEditorFlags: 0
  m_IsActive: 1
--- !u!4 &4551637606689474
Transform:
  m_GameObject: {fileID: 1942985762653119}
  m_LocalRotation: {x: -0.7071068, y: 0, z: 0, w: 0.7071068}
  m_LocalPosition: {x: 0, y: 0, z: 0}
  m_LocalScale: {x: 1, y: 1, z: 1}
  m_Children: []
  m_Father: {fileID: 4440965457017769}
  m_RootOrder: 2
  m_LocalEulerAnglesHint: {x: -90, y: 0, z: 0}
--- !u!137 &137917849624841223
SkinnedMeshRenderer:
  m_GameObject: {fileID: 1942985762653119}
  m_Enabled: 1
  m_CastShadows: 1
  m_ReceiveShadows: 1
  m_DynamicOccludee: 1
  m_MotionVectors: 1
  m_LightProbeUsage: 0
  m_ReflectionProbeUsage: 1
  m_Materials:
  - {fileID: 2100000, guid: d736835cd547206429fb60108b8111cf, type: 2}
  m_StaticBatchInfo:
    firstSubMesh: 0
    subMeshCount: 0
  m_StaticBatchRoot: {fileID: 0}
  m_ProbeAnchor: {fileID: 0}
  m_LightProbeVolumeOverride: {fileID: 0}
  m_ScaleInLightmap: 1
  m_PreserveUVs: 0
  m_IgnoreNormalsForChartDetection: 0
  m_ImportantGI: 0
  m_StitchLightmapSeams: 0
  m_SelectedEditorRenderState: 3
  m_MinimumChartSize: 4
  m_AutoUVMaxDistance: 0.5
  m_AutoUVMaxAngle: 89
  m_LightmapParameters: {fileID: 0}
  m_SortingLayerID: 0
  m_SortingLayer: 0
  m_SortingOrder: 0
  serializedVersion: 2
  m_Quality: 0
  m_UpdateWhenOffscreen: 0
  m_skinnedMotionVectors: 0
  m_Mesh: {fileID: 4300000, guid: 9e4f69f44706b11468e81b9200b8ee1c, type: 2}
  m_Bones:
  - {fileID: 4182090067711058}
  - {fileID: 4113584436694439}
  - {fileID: 4212223069662135}
  m_BlendShapeWeights: []
  m_RootBone: {fileID: 4212223069662135}
  m_AABB:
    m_Center: {x: -0.3780313, y: 0.1248965, z: -5.601301}
    m_Extent: {x: 4.580929, y: 3.902812, z: 10.41894}
  m_DirtyAABB: 0
--- !u!1 &1810084705633892
GameObject:
  serializedVersion: 5
  m_Component:
  - component: {fileID: 4810777556854136}
  m_Layer: 0
  m_Name: Puppet
  m_TagString: Untagged
  m_Icon: {fileID: 0}
  m_NavMeshLayer: 0
  m_StaticEditorFlags: 0
  m_IsActive: 1
--- !u!4 &4810777556854136
Transform:
  m_GameObject: {fileID: 1810084705633892}
  m_LocalRotation: {x: 0.4991274, y: -0.5008719, z: -0.4991266, w: 0.500871}
  m_LocalPosition: {x: 0.04389191, y: 15.41195, z: -1.625538}
  m_LocalScale: {x: 1, y: 1, z: 1}
  m_Children:
  - {fileID: 4786325108222585}
  - {fileID: 4727269876214630}
  - {fileID: 4647938033285934}
  - {fileID: 4147093971331930}
  m_Father: {fileID: 4440965457017769}
  m_RootOrder: 3
  m_LocalEulerAnglesHint: {x: 90.0001, y: 0.1998975, z: 90}
--- !u!1 &1042119546493195
GameObject:
  serializedVersion: 5
  m_Component:
  - component: {fileID: 4786325108222585}
  m_Layer: 0
  m_Name: Puppet_L_Thigh
  m_TagString: Untagged
  m_Icon: {fileID: 0}
  m_NavMeshLayer: 0
  m_StaticEditorFlags: 0
  m_IsActive: 1
--- !u!4 &4786325108222585
Transform:
  m_GameObject: {fileID: 1042119546493195}
  m_LocalRotation: {x: -0.6255214, y: 0.7801937, z: -0.0005267246, w: 0.004539156}
  m_LocalPosition: {x: 4.06633, y: 3.642157, z: 5.679681}
  m_LocalScale: {x: 1, y: 1, z: 1}
  m_Children:
  - {fileID: 4671005965076716}
  m_Father: {fileID: 4810777556854136}
  m_RootOrder: 0
  m_LocalEulerAnglesHint: {x: -179.6275, y: -0.3680641, z: 102.5569}
--- !u!1 &1641898378044650
GameObject:
  serializedVersion: 5
  m_Component:
  - component: {fileID: 4671005965076716}
  m_Layer: 0
  m_Name: Puppet_L_Knee
  m_TagString: Untagged
  m_Icon: {fileID: 0}
  m_NavMeshLayer: 0
  m_StaticEditorFlags: 0
  m_IsActive: 1
--- !u!4 &4671005965076716
Transform:
  m_GameObject: {fileID: 1641898378044650}
  m_LocalRotation: {x: -0.008370808, y: -0.00617619, z: 0.3999933, w: 0.916459}
  m_LocalPosition: {x: -6.058995, y: -1.907349E-06, z: -9.536743E-07}
  m_LocalScale: {x: 1, y: 1, z: 1}
  m_Children:
  - {fileID: 4785336778824417}
  m_Father: {fileID: 4786325108222585}
  m_RootOrder: 0
  m_LocalEulerAnglesHint: {x: -1.162273, y: 0.2649318, z: -47.16092}
--- !u!1 &1695074975570785
GameObject:
  serializedVersion: 5
  m_Component:
  - component: {fileID: 4785336778824417}
  m_Layer: 0
  m_Name: Puppet_L_Calf
  m_TagString: Untagged
  m_Icon: {fileID: 0}
  m_NavMeshLayer: 0
  m_StaticEditorFlags: 0
  m_IsActive: 1
--- !u!4 &4785336778824417
Transform:
  m_GameObject: {fileID: 1695074975570785}
  m_LocalRotation: {x: 0.01823442, y: 0.005045323, z: 0.3467211, w: 0.9377775}
  m_LocalPosition: {x: -3.790929, y: 0, z: -4.768372E-07}
  m_LocalScale: {x: 0.9999999, y: 0.9999999, z: 0.9999999}
  m_Children:
  - {fileID: 4109747124171016}
  m_Father: {fileID: 4671005965076716}
  m_RootOrder: 0
  m_LocalEulerAnglesHint: {x: 2.160476, y: 0.1823003, z: -40.57793}
--- !u!1 &1415509806550824
GameObject:
  serializedVersion: 5
  m_Component:
  - component: {fileID: 4109747124171016}
  m_Layer: 0
  m_Name: Puppet_L_Foot
  m_TagString: Untagged
  m_Icon: {fileID: 0}
  m_NavMeshLayer: 0
  m_StaticEditorFlags: 0
  m_IsActive: 1
--- !u!4 &4109747124171016
Transform:
  m_GameObject: {fileID: 1415509806550824}
  m_LocalRotation: {x: -0.003970598, y: -0.004680575, z: -0.7672519, w: 0.6413166}
  m_LocalPosition: {x: -5.57143, y: 0, z: 1.430511E-06}
  m_LocalScale: {x: 1, y: 0.9999996, z: 1.000001}
  m_Children: []
  m_Father: {fileID: 4785336778824417}
  m_RootOrder: 0
  m_LocalEulerAnglesHint: {x: 0.1197306, y: 0.6930871, z: 100.2188}
--- !u!1 &1176288392003948
GameObject:
  serializedVersion: 5
  m_Component:
  - component: {fileID: 4727269876214630}
  m_Layer: 0
  m_Name: Puppet_R_Thigh
  m_TagString: Untagged
  m_Icon: {fileID: 0}
  m_NavMeshLayer: 0
  m_StaticEditorFlags: 0
  m_IsActive: 1
--- !u!4 &4727269876214630
Transform:
  m_GameObject: {fileID: 1176288392003948}
  m_LocalRotation: {x: -0.6255237, y: 0.7801927, z: 0.0005139809, w: -0.004379475}
  m_LocalPosition: {x: 4.06633, y: 3.642158, z: -5.679684}
  m_LocalScale: {x: 1, y: 1, z: 0.9999999}
  m_Children:
  - {fileID: 4414039377585255}
  m_Father: {fileID: 4810777556854136}
  m_RootOrder: 1
  m_LocalEulerAnglesHint: {x: 179.6401, y: 0.3547006, z: 102.5567}
--- !u!1 &1014518358381386
GameObject:
  serializedVersion: 5
  m_Component:
  - component: {fileID: 4414039377585255}
  m_Layer: 0
  m_Name: Puppet_R_Knee
  m_TagString: Untagged
  m_Icon: {fileID: 0}
  m_NavMeshLayer: 0
  m_StaticEditorFlags: 0
  m_IsActive: 1
--- !u!4 &4414039377585255
Transform:
  m_GameObject: {fileID: 1014518358381386}
  m_LocalRotation: {x: 0.008229939, y: 0.006372154, z: 0.3999993, w: 0.9164564}
  m_LocalPosition: {x: -6.058998, y: -9.536743E-07, z: 2.384186E-06}
  m_LocalScale: {x: 1, y: 1, z: 1}
  m_Children:
  - {fileID: 4351034229256738}
  m_Father: {fileID: 4727269876214630}
  m_RootOrder: 0
  m_LocalEulerAnglesHint: {x: 1.156464, y: -0.2919612, z: -47.16192}
--- !u!1 &1228742324807488
GameObject:
  serializedVersion: 5
  m_Component:
  - component: {fileID: 4351034229256738}
  m_Layer: 0
  m_Name: Puppet_R_Calf
  m_TagString: Untagged
  m_Icon: {fileID: 0}
  m_NavMeshLayer: 0
  m_StaticEditorFlags: 0
  m_IsActive: 1
--- !u!4 &4351034229256738
Transform:
  m_GameObject: {fileID: 1228742324807488}
  m_LocalRotation: {x: -0.01830342, y: -0.005189018, z: 0.3465698, w: 0.9378312}
  m_LocalPosition: {x: -3.790929, y: -9.536743E-07, z: 1.430511E-06}
  m_LocalScale: {x: 1, y: 1, z: 1}
  m_Children:
  - {fileID: 4469291791012510}
  m_Father: {fileID: 4414039377585255}
  m_RootOrder: 0
  m_LocalEulerAnglesHint: {x: -2.173631, y: -0.1692508, z: -40.55976}
--- !u!1 &1462095495528958
GameObject:
  serializedVersion: 5
  m_Component:
  - component: {fileID: 4469291791012510}
  m_Layer: 0
  m_Name: Puppet_R_Foot
  m_TagString: Untagged
  m_Icon: {fileID: 0}
  m_NavMeshLayer: 0
  m_StaticEditorFlags: 0
  m_IsActive: 1
--- !u!4 &4469291791012510
Transform:
  m_GameObject: {fileID: 1462095495528958}
  m_LocalRotation: {x: 0.004160731, y: 0.004879537, z: -0.7671826, w: 0.6413966}
  m_LocalPosition: {x: -5.571431, y: -9.536743E-07, z: -4.768372E-07}
  m_LocalScale: {x: 1, y: 0.9999999, z: 1}
  m_Children: []
  m_Father: {fileID: 4351034229256738}
  m_RootOrder: 0
  m_LocalEulerAnglesHint: {x: -0.123175, y: -0.7244395, z: 100.2067}
--- !u!1 &1825465297640680
GameObject:
  serializedVersion: 5
  m_Component:
  - component: {fileID: 4647938033285934}
  m_Layer: 0
  m_Name: Puppet_Spine
  m_TagString: Untagged
  m_Icon: {fileID: 0}
  m_NavMeshLayer: 0
  m_StaticEditorFlags: 0
  m_IsActive: 1
--- !u!4 &4647938033285934
Transform:
  m_GameObject: {fileID: 1825465297640680}
  m_LocalRotation: {x: -1.454514E-08, y: -1.05375E-07, z: -0.03305005, w: 0.9994537}
  m_LocalPosition: {x: -3.509426, y: 0.8684743, z: -1.970679E-06}
  m_LocalScale: {x: 0.9999998, y: 0.9999995, z: 1}
  m_Children:
  - {fileID: 4811070689343065}
  m_Father: {fileID: 4810777556854136}
  m_RootOrder: 2
  m_LocalEulerAnglesHint: {x: -1.266758E-06, y: 1.212358E-05, z: 3.787946}
--- !u!1 &1318220467315653
GameObject:
  serializedVersion: 5
  m_Component:
  - component: {fileID: 4811070689343065}
  m_Layer: 0
  m_Name: Puppet_Spine1
  m_TagString: Untagged
  m_Icon: {fileID: 0}
  m_NavMeshLayer: 0
  m_StaticEditorFlags: 0
  m_IsActive: 1
--- !u!4 &4811070689343065
Transform:
  m_GameObject: {fileID: 1318220467315653}
  m_LocalRotation: {x: 1.032325E-08, y: 5.254733E-08, z: 0.02056072, w: 0.9997886}
  m_LocalPosition: {x: -5.878395, y: 2.384186E-07, z: 1.776963E-06}
  m_LocalScale: {x: 1, y: 1, z: 1}
  m_Children:
  - {fileID: 4641613592937210}
  - {fileID: 4972343183575933}
  - {fileID: 4296069597940555}
  m_Father: {fileID: 4647938033285934}
  m_RootOrder: 0
  m_LocalEulerAnglesHint: {x: 1.306513E-06, y: -5.995885E-06, z: -2.356251}
--- !u!1 &1657205174228757
GameObject:
  serializedVersion: 5
  m_Component:
  - component: {fileID: 4641613592937210}
  m_Layer: 0
  m_Name: Puppet_Head
  m_TagString: Untagged
  m_Icon: {fileID: 0}
  m_NavMeshLayer: 0
  m_StaticEditorFlags: 0
  m_IsActive: 1
--- !u!4 &4641613592937210
Transform:
  m_GameObject: {fileID: 1657205174228757}
  m_LocalRotation: {x: 1.762016E-09, y: 4.951081E-08, z: 3.725289E-09, w: 1}
  m_LocalPosition: {x: -6.329803, y: 8.34465E-07, z: -1.303852E-07}
  m_LocalScale: {x: 1, y: 1, z: 1}
  m_Children:
  - {fileID: 4421825291581091}
  - {fileID: 4212223069662135}
  - {fileID: 4008489962461673}
  - {fileID: 4311493059549688}
  - {fileID: 4070994937820455}
  - {fileID: 4113584436694439}
  - {fileID: 4731011532660895}
  - {fileID: 4534893067486169}
  - {fileID: 4182090067711058}
  m_Father: {fileID: 4811070689343065}
  m_RootOrder: 0
  m_LocalEulerAnglesHint: {x: 2.019121E-07, y: -5.673521E-06, z: -4.268866E-07}
--- !u!1 &1901331089029615
GameObject:
  serializedVersion: 5
  m_Component:
  - component: {fileID: 4421825291581091}
  m_Layer: 0
  m_Name: Puppet_L_Ear
  m_TagString: Untagged
  m_Icon: {fileID: 0}
  m_NavMeshLayer: 0
  m_StaticEditorFlags: 0
  m_IsActive: 1
--- !u!4 &4421825291581091
Transform:
  m_GameObject: {fileID: 1901331089029615}
  m_LocalRotation: {x: -0.06661824, y: 0.3354697, z: 0.1631757, w: 0.9254165}
  m_LocalPosition: {x: -8.59281, y: -3.261037, z: 6.326663}
  m_LocalScale: {x: 0.9999998, y: 0.9999997, z: 0.9999996}
  m_Children: []
  m_Father: {fileID: 4641613592937210}
  m_RootOrder: 0
  m_LocalEulerAnglesHint: {x: -1.033413, y: -39.98892, z: -19.62395}
--- !u!1 &1517880160416953
GameObject:
  serializedVersion: 5
  m_Component:
  - component: {fileID: 4212223069662135}
  m_Layer: 0
  m_Name: Puppet_L_Eyeball
  m_TagString: Untagged
  m_Icon: {fileID: 0}
  m_NavMeshLayer: 0
  m_StaticEditorFlags: 0
  m_IsActive: 1
--- !u!4 &4212223069662135
Transform:
  m_GameObject: {fileID: 1517880160416953}
  m_LocalRotation: {x: -8.174779E-08, y: -2.603374E-07, z: -0.6994647, w: 0.7146672}
  m_LocalPosition: {x: -2.008337, y: 5.645852, z: 5.645194}
  m_LocalScale: {x: 0.9999999, y: 0.9999996, z: 1}
  m_Children: []
  m_Father: {fileID: 4641613592937210}
  m_RootOrder: 1
  m_LocalEulerAnglesHint: {x: 1.417203E-05, y: 2.787259E-05, z: 88.76814}
--- !u!1 &1177613183125998
GameObject:
  serializedVersion: 5
  m_Component:
  - component: {fileID: 4008489962461673}
  m_Layer: 0
  m_Name: Puppet_L_EyeBrowB
  m_TagString: Untagged
  m_Icon: {fileID: 0}
  m_NavMeshLayer: 0
  m_StaticEditorFlags: 0
  m_IsActive: 1
--- !u!4 &4008489962461673
Transform:
  m_GameObject: {fileID: 1177613183125998}
  m_LocalRotation: {x: 2.657757E-08, y: 5.586329E-08, z: 0.9204468, w: -0.3908678}
  m_LocalPosition: {x: -1.969793, y: -1.481017, z: 5.674166}
  m_LocalScale: {x: 0.9999999, y: 0.9999998, z: 1}
  m_Children: []
  m_Father: {fileID: 4641613592937210}
  m_RootOrder: 2
  m_LocalEulerAnglesHint: {x: 4.701792E-06, y: 5.305406E-06, z: 133.983}
--- !u!1 &1149044527325979
GameObject:
  serializedVersion: 5
  m_Component:
  - component: {fileID: 4311493059549688}
  m_Layer: 0
  m_Name: Puppet_L_EyeBrowT
  m_TagString: Untagged
  m_Icon: {fileID: 0}
  m_NavMeshLayer: 0
  m_StaticEditorFlags: 0
  m_IsActive: 1
--- !u!4 &4311493059549688
Transform:
  m_GameObject: {fileID: 1149044527325979}
  m_LocalRotation: {x: 8.866274E-08, y: -2.086211E-07, z: -0.3744692, w: 0.9272394}
  m_LocalPosition: {x: -1.969786, y: -1.481017, z: 5.689192}
  m_LocalScale: {x: 0.9999999, y: 0.9999996, z: 1}
  m_Children: []
  m_Father: {fileID: 4641613592937210}
  m_RootOrder: 3
  m_LocalEulerAnglesHint: {x: 1.837289E-05, y: 1.836217E-05, z: 43.98301}
--- !u!1 &1283636120730274
GameObject:
  serializedVersion: 5
  m_Component:
  - component: {fileID: 4070994937820455}
  m_Layer: 0
  m_Name: Puppet_R_Ear
  m_TagString: Untagged
  m_Icon: {fileID: 0}
  m_NavMeshLayer: 0
  m_StaticEditorFlags: 0
  m_IsActive: 1
--- !u!4 &4070994937820455
Transform:
  m_GameObject: {fileID: 1283636120730274}
  m_LocalRotation: {x: 0.06661833, y: -0.3354695, z: 0.1631759, w: 0.9254166}
  m_LocalPosition: {x: -8.59281, y: -3.261037, z: -6.326663}
  m_LocalScale: {x: 0.9999998, y: 1, z: 0.9999998}
  m_Children: []
  m_Father: {fileID: 4641613592937210}
  m_RootOrder: 4
  m_LocalEulerAnglesHint: {x: 1.033421, y: 39.9889, z: -19.62397}
--- !u!1 &1759375427996626
GameObject:
  serializedVersion: 5
  m_Component:
  - component: {fileID: 4113584436694439}
  m_Layer: 0
  m_Name: Puppet_R_Eyeball
  m_TagString: Untagged
  m_Icon: {fileID: 0}
  m_NavMeshLayer: 0
  m_StaticEditorFlags: 0
  m_IsActive: 1
--- !u!4 &4113584436694439
Transform:
  m_GameObject: {fileID: 1759375427996626}
  m_LocalRotation: {x: -9.114807E-08, y: -2.126049E-07, z: -0.6994655, w: 0.7146664}
  m_LocalPosition: {x: -2.008333, y: 5.645853, z: -5.645191}
  m_LocalScale: {x: 0.9999999, y: 0.9999996, z: 1}
  m_Children: []
  m_Father: {fileID: 4641613592937210}
  m_RootOrder: 5
  m_LocalEulerAnglesHint: {x: 9.57634E-06, y: 2.4717E-05, z: 88.76827}
--- !u!1 &1883644317588073
GameObject:
  serializedVersion: 5
  m_Component:
  - component: {fileID: 4731011532660895}
  m_Layer: 0
  m_Name: Puppet_R_EyeBrowB
  m_TagString: Untagged
  m_Icon: {fileID: 0}
  m_NavMeshLayer: 0
  m_StaticEditorFlags: 0
  m_IsActive: 1
--- !u!4 &4731011532660895
Transform:
  m_GameObject: {fileID: 1883644317588073}
  m_LocalRotation: {x: 7.671554E-08, y: 5.187988E-08, z: 0.9204469, w: -0.3908677}
  m_LocalPosition: {x: -1.969793, y: -1.481017, z: -5.624654}
  m_LocalScale: {x: 1, y: 0.9999998, z: 1}
  m_Children: []
  m_Father: {fileID: 4641613592937210}
  m_RootOrder: 6
  m_LocalEulerAnglesHint: {x: 2.035954E-06, y: 1.041531E-05, z: 133.983}
--- !u!1 &1282351715963543
GameObject:
  serializedVersion: 5
  m_Component:
  - component: {fileID: 4534893067486169}
  m_Layer: 0
  m_Name: Puppet_R_EyeBrowT
  m_TagString: Untagged
  m_Icon: {fileID: 0}
  m_NavMeshLayer: 0
  m_StaticEditorFlags: 0
  m_IsActive: 1
--- !u!4 &4534893067486169
Transform:
  m_GameObject: {fileID: 1282351715963543}
  m_LocalRotation: {x: 8.364338E-08, y: -8.008818E-08, z: -0.3744689, w: 0.9272395}
  m_LocalPosition: {x: -1.969786, y: -1.481018, z: -5.639677}
  m_LocalScale: {x: 0.9999999, y: 1, z: 1}
  m_Children: []
  m_Father: {fileID: 4641613592937210}
  m_RootOrder: 7
  m_LocalEulerAnglesHint: {x: 1.232409E-05, y: 4.920456E-06, z: 43.98298}
--- !u!1 &1905657823533224
GameObject:
  serializedVersion: 5
  m_Component:
  - component: {fileID: 4182090067711058}
  m_Layer: 0
  m_Name: Puppet_SnoutM
  m_TagString: Untagged
  m_Icon: {fileID: 0}
  m_NavMeshLayer: 0
  m_StaticEditorFlags: 0
  m_IsActive: 1
--- !u!4 &4182090067711058
Transform:
  m_GameObject: {fileID: 1905657823533224}
  m_LocalRotation: {x: -6.141026E-08, y: -1.649664E-07, z: -0.7071068, w: 0.7071068}
  m_LocalPosition: {x: -0.7826309, y: 9.270625, z: -5.669892E-06}
  m_LocalScale: {x: 0.9999996, y: 0.9999996, z: 1}
  m_Children: []
  m_Father: {fileID: 4641613592937210}
  m_RootOrder: 8
  m_LocalEulerAnglesHint: {x: 8.390996E-06, y: 1.834295E-05, z: 90}
--- !u!1 &1074985858897642
GameObject:
  serializedVersion: 5
  m_Component:
  - component: {fileID: 4972343183575933}
  m_Layer: 0
  m_Name: Puppet_L_UpperArm
  m_TagString: Untagged
  m_Icon: {fileID: 0}
  m_NavMeshLayer: 0
  m_StaticEditorFlags: 0
  m_IsActive: 1
--- !u!4 &4972343183575933
Transform:
  m_GameObject: {fileID: 1074985858897642}
  m_LocalRotation: {x: 0.6320873, y: -0.4160562, z: -0.5896715, w: -0.282224}
  m_LocalPosition: {x: -4.996567, y: -2.284663, z: 7.371058}
  m_LocalScale: {x: 0.9999997, y: 1, z: 1}
  m_Children:
  - {fileID: 4357607364755569}
  m_Father: {fileID: 4811070689343065}
  m_RootOrder: 1
  m_LocalEulerAnglesHint: {x: 137.3347, y: -78.60542, z: 102.1644}
--- !u!1 &1132474821225137
GameObject:
  serializedVersion: 5
  m_Component:
  - component: {fileID: 4357607364755569}
  m_Layer: 0
  m_Name: Puppet_L_UpperArm1
  m_TagString: Untagged
  m_Icon: {fileID: 0}
  m_NavMeshLayer: 0
  m_StaticEditorFlags: 0
  m_IsActive: 1
--- !u!4 &4357607364755569
Transform:
  m_GameObject: {fileID: 1132474821225137}
  m_LocalRotation: {x: 0.04536933, y: 0.1928729, z: 0.09681976, w: 0.9753808}
  m_LocalPosition: {x: -4.778099, y: 1.907349E-06, z: -9.536743E-07}
  m_LocalScale: {x: 1, y: 1, z: 0.9999999}
  m_Children:
  - {fileID: 4578841918894450}
  m_Father: {fileID: 4972343183575933}
  m_RootOrder: 0
  m_LocalEulerAnglesHint: {x: 7.777113, y: -21.55928, z: -12.82052}
--- !u!1 &1500812346662821
GameObject:
  serializedVersion: 5
  m_Component:
  - component: {fileID: 4578841918894450}
  m_Layer: 0
  m_Name: Puppet_L_UpperArm2
  m_TagString: Untagged
  m_Icon: {fileID: 0}
  m_NavMeshLayer: 0
  m_StaticEditorFlags: 0
  m_IsActive: 1
--- !u!4 &4578841918894450
Transform:
  m_GameObject: {fileID: 1500812346662821}
  m_LocalRotation: {x: 0.02971862, y: 0.1828437, z: 0.09168468, w: 0.9784063}
  m_LocalPosition: {x: -4.43145, y: 0, z: -1.430511E-06}
  m_LocalScale: {x: 1, y: 1, z: 1}
  m_Children:
  - {fileID: 4176020282202894}
  m_Father: {fileID: 4357607364755569}
  m_RootOrder: 0
  m_LocalEulerAnglesHint: {x: 5.621939, y: -20.63059, z: -11.73092}
--- !u!1 &1927365983128185
GameObject:
  serializedVersion: 5
  m_Component:
  - component: {fileID: 4176020282202894}
  m_Layer: 0
  m_Name: Puppet_L_Forearm
  m_TagString: Untagged
  m_Icon: {fileID: 0}
  m_NavMeshLayer: 0
  m_StaticEditorFlags: 0
  m_IsActive: 1
--- !u!4 &4176020282202894
Transform:
  m_GameObject: {fileID: 1927365983128185}
  m_LocalRotation: {x: 0.000487936, y: 0.1455377, z: 0.001997148, w: 0.9893506}
  m_LocalPosition: {x: -4.672969, y: 0, z: 0}
  m_LocalScale: {x: 0.9999999, y: 0.9999999, z: 0.9999998}
  m_Children:
  - {fileID: 4531523676328754}
  m_Father: {fileID: 4578841918894450}
  m_RootOrder: 0
  m_LocalEulerAnglesHint: {x: 0.09254555, y: -16.73668, z: -0.2449331}
--- !u!1 &1373315348889463
GameObject:
  serializedVersion: 5
  m_Component:
  - component: {fileID: 4531523676328754}
  m_Layer: 0
  m_Name: Puppet_L_Forearm1
  m_TagString: Untagged
  m_Icon: {fileID: 0}
  m_NavMeshLayer: 0
  m_StaticEditorFlags: 0
  m_IsActive: 1
--- !u!4 &4531523676328754
Transform:
  m_GameObject: {fileID: 1373315348889463}
  m_LocalRotation: {x: -0.01289591, y: 0.1291389, z: -0.06611898, w: 0.9893357}
  m_LocalPosition: {x: -4.362491, y: 0, z: 9.536743E-07}
  m_LocalScale: {x: 1, y: 1, z: 1}
  m_Children:
  - {fileID: 4329113114802036}
  m_Father: {fileID: 4176020282202894}
  m_RootOrder: 0
  m_LocalEulerAnglesHint: {x: -2.523889, y: -14.70357, z: 7.972664}
--- !u!1 &1033232826352560
GameObject:
  serializedVersion: 5
  m_Component:
  - component: {fileID: 4329113114802036}
  m_Layer: 0
  m_Name: Puppet_L_Forearm2
  m_TagString: Untagged
  m_Icon: {fileID: 0}
  m_NavMeshLayer: 0
  m_StaticEditorFlags: 0
  m_IsActive: 1
--- !u!4 &4329113114802036
Transform:
  m_GameObject: {fileID: 1033232826352560}
  m_LocalRotation: {x: 0.00965225, y: 0.0008438305, z: 0.04079413, w: 0.9991206}
  m_LocalPosition: {x: -3.335676, y: 1.907349E-06, z: 0}
  m_LocalScale: {x: 1, y: 0.9999999, z: 1}
  m_Children:
  - {fileID: 4172126960932582}
  m_Father: {fileID: 4531523676328754}
  m_RootOrder: 0
  m_LocalEulerAnglesHint: {x: 1.109108, y: -0.05148981, z: -4.676679}
--- !u!1 &1076993299261651
GameObject:
  serializedVersion: 5
  m_Component:
  - component: {fileID: 4172126960932582}
  m_Layer: 0
  m_Name: Puppet_L_Hand
  m_TagString: Untagged
  m_Icon: {fileID: 0}
  m_NavMeshLayer: 0
  m_StaticEditorFlags: 0
  m_IsActive: 1
--- !u!4 &4172126960932582
Transform:
  m_GameObject: {fileID: 1076993299261651}
  m_LocalRotation: {x: 0.1884482, y: -0.05077339, z: 0.08710171, w: 0.9768944}
  m_LocalPosition: {x: -2.921078, y: 0, z: -9.536743E-07}
  m_LocalScale: {x: 1, y: 0.9999999, z: 1}
  m_Children:
  - {fileID: 4235660747169973}
  m_Father: {fileID: 4329113114802036}
  m_RootOrder: 0
  m_LocalEulerAnglesHint: {x: 21.25483, y: 7.586844, z: -8.764642}
--- !u!1 &1189376814310739
GameObject:
  serializedVersion: 5
  m_Component:
  - component: {fileID: 4235660747169973}
  m_Layer: 0
  m_Name: Puppet_Cake_CardsHand
  m_TagString: Untagged
  m_Icon: {fileID: 0}
  m_NavMeshLayer: 0
  m_StaticEditorFlags: 0
  m_IsActive: 1
--- !u!4 &4235660747169973
Transform:
  m_GameObject: {fileID: 1189376814310739}
  m_LocalRotation: {x: -0.3696097, y: 0.7229394, z: 0.5284438, w: 0.2479809}
  m_LocalPosition: {x: -2.820936, y: -1.459381, z: -1.083054}
  m_LocalScale: {x: 0.9999998, y: 0.9999999, z: 1}
  m_Children: []
  m_Father: {fileID: 4172126960932582}
  m_RootOrder: 0
  m_LocalEulerAnglesHint: {x: 118.7419, y: -48.51994, z: 155.7235}
--- !u!1 &1660123928471815
GameObject:
  serializedVersion: 5
  m_Component:
  - component: {fileID: 4296069597940555}
  m_Layer: 0
  m_Name: Puppet_R_UpperArm
  m_TagString: Untagged
  m_Icon: {fileID: 0}
  m_NavMeshLayer: 0
  m_StaticEditorFlags: 0
  m_IsActive: 1
--- !u!4 &4296069597940555
Transform:
  m_GameObject: {fileID: 1660123928471815}
  m_LocalRotation: {x: -0.2755068, y: -0.5787945, z: -0.4229998, w: 0.6404406}
  m_LocalPosition: {x: -4.987198, y: -2.401124, z: -7.375952}
  m_LocalScale: {x: 0.9999998, y: 1, z: 0.9999999}
  m_Children:
  - {fileID: 4168890128266660}
  m_Father: {fileID: 4811070689343065}
  m_RootOrder: 2
  m_LocalEulerAnglesHint: {x: 37.50841, y: 77.01925, z: 97.12569}
--- !u!1 &1219596783636617
GameObject:
  serializedVersion: 5
  m_Component:
  - component: {fileID: 4168890128266660}
  m_Layer: 0
  m_Name: Puppet_R_UpperArm1
  m_TagString: Untagged
  m_Icon: {fileID: 0}
  m_NavMeshLayer: 0
  m_StaticEditorFlags: 0
  m_IsActive: 1
--- !u!4 &4168890128266660
Transform:
  m_GameObject: {fileID: 1219596783636617}
  m_LocalRotation: {x: -0.05123679, y: 0.1803201, z: -0.1114133, w: 0.9759337}
  m_LocalPosition: {x: -4.894193, y: 1.907349E-06, z: -1.907349E-06}
  m_LocalScale: {x: 1, y: 1, z: 1}
  m_Children:
  - {fileID: 4444509162312957}
  m_Father: {fileID: 4296069597940555}
  m_RootOrder: 0
  m_LocalEulerAnglesHint: {x: -8.574742, y: -19.91002, z: 14.53322}
--- !u!1 &1898631705488355
GameObject:
  serializedVersion: 5
  m_Component:
  - component: {fileID: 4444509162312957}
  m_Layer: 0
  m_Name: Puppet_R_UpperArm2
  m_TagString: Untagged
  m_Icon: {fileID: 0}
  m_NavMeshLayer: 0
  m_StaticEditorFlags: 0
  m_IsActive: 1
--- !u!4 &4444509162312957
Transform:
  m_GameObject: {fileID: 1898631705488355}
  m_LocalRotation: {x: -0.02327996, y: 0.1842037, z: -0.06910489, w: 0.9801794}
  m_LocalPosition: {x: -4.601386, y: 0, z: -4.768372E-07}
  m_LocalScale: {x: 1, y: 1, z: 1}
  m_Children:
  - {fileID: 4844984183612162}
  m_Father: {fileID: 4168890128266660}
  m_RootOrder: 0
  m_LocalEulerAnglesHint: {x: -4.366664, y: -20.97053, z: 8.874152}
--- !u!1 &1375079676522802
GameObject:
  serializedVersion: 5
  m_Component:
  - component: {fileID: 4844984183612162}
  m_Layer: 0
  m_Name: Puppet_R_Forearm
  m_TagString: Untagged
  m_Icon: {fileID: 0}
  m_NavMeshLayer: 0
  m_StaticEditorFlags: 0
  m_IsActive: 1
--- !u!4 &4844984183612162
Transform:
  m_GameObject: {fileID: 1375079676522802}
  m_LocalRotation: {x: 0.001100496, y: 0.1621408, z: 0.005092989, w: 0.9867539}
  m_LocalPosition: {x: -4.331365, y: 0, z: -1.907349E-06}
  m_LocalScale: {x: 1, y: 1, z: 1}
  m_Children:
  - {fileID: 4941775880943081}
  m_Father: {fileID: 4444509162312957}
  m_RootOrder: 0
  m_LocalEulerAnglesHint: {x: 0.2312215, y: -18.66141, z: -0.629434}
--- !u!1 &1218194722050822
GameObject:
  serializedVersion: 5
  m_Component:
  - component: {fileID: 4941775880943081}
  m_Layer: 0
  m_Name: Puppet_R_Forearm1
  m_TagString: Untagged
  m_Icon: {fileID: 0}
  m_NavMeshLayer: 0
  m_StaticEditorFlags: 0
  m_IsActive: 1
--- !u!4 &4941775880943081
Transform:
  m_GameObject: {fileID: 1218194722050822}
  m_LocalRotation: {x: 0.008125046, y: 0.1138428, z: 0.04833329, w: 0.9922891}
  m_LocalPosition: {x: -4.358908, y: 0, z: 1.907349E-06}
  m_LocalScale: {x: 1, y: 1, z: 1}
  m_Children:
  - {fileID: 4841403173643762}
  m_Father: {fileID: 4844984183612162}
  m_RootOrder: 0
  m_LocalEulerAnglesHint: {x: 1.595578, y: -13.01138, z: -5.759184}
--- !u!1 &1956743993352807
GameObject:
  serializedVersion: 5
  m_Component:
  - component: {fileID: 4841403173643762}
  m_Layer: 0
  m_Name: Puppet_R_Forearm2
  m_TagString: Untagged
  m_Icon: {fileID: 0}
  m_NavMeshLayer: 0
  m_StaticEditorFlags: 0
  m_IsActive: 1
--- !u!4 &4841403173643762
Transform:
  m_GameObject: {fileID: 1956743993352807}
  m_LocalRotation: {x: -0.01223013, y: -0.04807294, z: -0.04433189, w: 0.9977846}
  m_LocalPosition: {x: -3.275097, y: 0, z: -1.907349E-06}
  m_LocalScale: {x: 1, y: 1, z: 1}
  m_Children:
  - {fileID: 4733218301115965}
  m_Father: {fileID: 4941775880943081}
  m_RootOrder: 0
  m_LocalEulerAnglesHint: {x: -1.159701, y: 5.567436, z: 5.031603}
--- !u!1 &1980193463431940
GameObject:
  serializedVersion: 5
  m_Component:
  - component: {fileID: 4733218301115965}
  m_Layer: 0
  m_Name: Puppet_R_Hand
  m_TagString: Untagged
  m_Icon: {fileID: 0}
  m_NavMeshLayer: 0
  m_StaticEditorFlags: 0
  m_IsActive: 1
--- !u!4 &4733218301115965
Transform:
  m_GameObject: {fileID: 1980193463431940}
  m_LocalRotation: {x: 0.9798726, y: -0.06965311, z: 0.01065021, w: 0.1867745}
  m_LocalPosition: {x: -2.998205, y: 0, z: 0}
  m_LocalScale: {x: 1, y: 1, z: 1}
  m_Children:
  - {fileID: 4283466009039957}
  m_Father: {fileID: 4841403173643762}
  m_RootOrder: 0
  m_LocalEulerAnglesHint: {x: 158.5956, y: 2.687615, z: 7.623903}
--- !u!1 &1564851443379020
GameObject:
  serializedVersion: 5
  m_Component:
  - component: {fileID: 4283466009039957}
  m_Layer: 0
  m_Name: Puppet_CardPlay
  m_TagString: Untagged
  m_Icon: {fileID: 0}
  m_NavMeshLayer: 0
  m_StaticEditorFlags: 0
  m_IsActive: 1
--- !u!4 &4283466009039957
Transform:
  m_GameObject: {fileID: 1564851443379020}
  m_LocalRotation: {x: 0.4770822, y: -0.5244614, z: 0.5269099, w: 0.4687203}
  m_LocalPosition: {x: -2.970612, y: -0.07201385, z: -5.514454}
  m_LocalScale: {x: 1.000001, y: 1, z: 1}
  m_Children: []
  m_Father: {fileID: 4733218301115965}
  m_RootOrder: 0
  m_LocalEulerAnglesHint: {x: -92.89587, y: 83.93904, z: 176.4839}
--- !u!1 &1027764589098609
GameObject:
  serializedVersion: 5
  m_Component:
  - component: {fileID: 4147093971331930}
  m_Layer: 0
  m_Name: Puppet_Tail1
  m_TagString: Untagged
  m_Icon: {fileID: 0}
  m_NavMeshLayer: 0
  m_StaticEditorFlags: 0
  m_IsActive: 1
--- !u!4 &4147093971331930
Transform:
  m_GameObject: {fileID: 1027764589098609}
  m_LocalRotation: {x: -0.152303, y: 0.2131639, z: 0.6903455, w: 0.6743797}
  m_LocalPosition: {x: 2.23297, y: -12.30877, z: 1.069158E-06}
  m_LocalScale: {x: 0.9999997, y: 0.9999998, z: 1}
  m_Children:
  - {fileID: 4334118846851876}
  m_Father: {fileID: 4810777556854136}
  m_RootOrder: 3
  m_LocalEulerAnglesHint: {x: 5.882843, y: -29.85391, z: -92.91009}
--- !u!1 &1784915277439052
GameObject:
  serializedVersion: 5
  m_Component:
  - component: {fileID: 4334118846851876}
  m_Layer: 0
  m_Name: Puppet_Tail2
  m_TagString: Untagged
  m_Icon: {fileID: 0}
  m_NavMeshLayer: 0
  m_StaticEditorFlags: 0
  m_IsActive: 1
--- !u!4 &4334118846851876
Transform:
  m_GameObject: {fileID: 1784915277439052}
  m_LocalRotation: {x: 0.07286207, y: 0.4207583, z: -0.04999049, w: 0.9028591}
  m_LocalPosition: {x: -6.989481, y: 9.536743E-07, z: -4.768372E-07}
  m_LocalScale: {x: 0.9999998, y: 0.9999996, z: 1}
  m_Children:
  - {fileID: 4288328859339950}
  - {fileID: 4117215031049288}
  m_Father: {fileID: 4147093971331930}
  m_RootOrder: 0
  m_LocalEulerAnglesHint: {x: 8.01892, y: -50.09023, z: 2.586598}
--- !u!1 &1954694981654368
GameObject:
  serializedVersion: 5
  m_Component:
  - component: {fileID: 4288328859339950}
  m_Layer: 0
  m_Name: Puppet_Tail3
  m_TagString: Untagged
  m_Icon: {fileID: 0}
  m_NavMeshLayer: 0
  m_StaticEditorFlags: 0
  m_IsActive: 1
--- !u!4 &4288328859339950
Transform:
  m_GameObject: {fileID: 1954694981654368}
  m_LocalRotation: {x: 0.04433681, y: 0.2136273, z: -0.4185705, w: 0.8815874}
  m_LocalPosition: {x: -8.360897, y: 0, z: 1.907349E-06}
  m_LocalScale: {x: 1, y: 1, z: 0.9999998}
  m_Children: []
  m_Father: {fileID: 4334118846851876}
  m_RootOrder: 0
  m_LocalEulerAnglesHint: {x: -6.348314, y: -24.44242, z: 52.17233}
--- !u!1 &1201760499706376
GameObject:
  serializedVersion: 5
  m_Component:
  - component: {fileID: 4117215031049288}
  m_Layer: 0
  m_Name: Puppet_Tail4
  m_TagString: Untagged
  m_Icon: {fileID: 0}
  m_NavMeshLayer: 0
  m_StaticEditorFlags: 0
  m_IsActive: 1
--- !u!4 &4117215031049288
Transform:
  m_GameObject: {fileID: 1201760499706376}
  m_LocalRotation: {x: -0.02195423, y: 0.2170726, z: -0.6642962, w: 0.7149183}
  m_LocalPosition: {x: -13.29943, y: 6.360369, z: 3.659983}
  m_LocalScale: {x: 1, y: 1, z: 0.9999999}
  m_Children: []
  m_Father: {fileID: 4334118846851876}
  m_RootOrder: 1
  m_LocalEulerAnglesHint: {x: -19.46551, y: -16.33244, z: 88.61589}
--- !u!1 &1181190982210127
GameObject:
  serializedVersion: 5
  m_Component:
  - component: {fileID: 4607075520483753}
  m_Layer: 0
  m_Name: Puppet_Root
  m_TagString: Untagged
  m_Icon: {fileID: 0}
  m_NavMeshLayer: 0
  m_StaticEditorFlags: 0
  m_IsActive: 1
--- !u!4 &4607075520483753
Transform:
  m_GameObject: {fileID: 1181190982210127}
  m_LocalRotation: {x: -0.7071068, y: -1.256074E-15, z: -1.256074E-15, w: 0.7071069}
  m_LocalPosition: {x: 0.04389076, y: 0, z: 0.01076241}
  m_LocalScale: {x: 1, y: 1, z: 1}
  m_Children: []
  m_Father: {fileID: 4440965457017769}
  m_RootOrder: 4
  m_LocalEulerAnglesHint: {x: -89.99999, y: 2.035555E-13, z: -1.12996E-29}
