%YAML 1.1
%TAG !u! tag:unity3d.com,2011:
--- !u!1001 &100100000
Prefab:
  serializedVersion: 2
  m_Modification:
    m_TransformParent: {fileID: 0}
    m_Modifications: []
    m_RemovedComponents: []
  m_ParentPrefab: {fileID: 0}
  m_RootGameObject: {fileID: 1655220238199076}
  m_IsPrefabParent: 1
--- !u!1 &1655220238199076
GameObject:
  serializedVersion: 5
  m_Component:
  - component: {fileID: 4788718455159392}
  - component: {fileID: 114320670307063865}
  - component: {fileID: 82462723883505428}
  m_Layer: 0
  m_Name: DonutGoon
  m_TagString: Untagged
  m_Icon: {fileID: 0}
  m_NavMeshLayer: 0
  m_StaticEditorFlags: 0
  m_IsActive: 1
--- !u!4 &4788718455159392
Transform:
  m_GameObject: {fileID: 1655220238199076}
  m_LocalRotation: {x: 0, y: 0, z: 0, w: 1}
  m_LocalPosition: {x: 7.747616, y: 11.23348, z: 77.06554}
  m_LocalScale: {x: 1, y: 1, z: 1}
  m_Children:
  - {fileID: 4656988522186871}
  m_Father: {fileID: 0}
  m_RootOrder: 0
  m_LocalEulerAnglesHint: {x: 0, y: 0, z: 0}
--- !u!114 &114320670307063865
MonoBehaviour:
  m_GameObject: {fileID: 1655220238199076}
  m_Enabled: 1
  m_EditorHideFlags: 0
  m_Script: {fileID: 11500000, guid: f1301ae4a7b966f4c9f56b5de9594888, type: 3}
  m_Name:
  m_EditorClassIdentifier:
  OpeningClips: []
  WinClips:
  - {fileID: 8300000, guid: 8bb68adfea1cca646aedec492d2ad6f5, type: 3}
  LoseClips:
  - {fileID: 8300000, guid: 96365009f562a8846ad438efa4074ccc, type: 3}
  DestroyCreatureClips: []
  PlayCreatureClips:
  - {fileID: 8300000, guid: 35761c5ec2e7f8b4691719bd553095f2, type: 3}
  - {fileID: 0}
  PlayBuildingClips:
  - {fileID: 8300000, guid: 35761c5ec2e7f8b4691719bd553095f2, type: 3}
  - {fileID: 0}
  PlaySpellClips:
  - {fileID: 8300000, guid: 35761c5ec2e7f8b4691719bd553095f2, type: 3}
  - {fileID: 0}
  CreatureDestroyedClips:
  - {fileID: 8300000, guid: ee045e99504828b4887a42695ebd8eb9, type: 3}
  - {fileID: 0}
  BuildingDestroyedClips:
  - {fileID: 8300000, guid: ee045e99504828b4887a42695ebd8eb9, type: 3}
  - {fileID: 0}
  FloopClips: []
  HeroDamagedClips:
  - {fileID: 8300000, guid: 45ed25c6bfc8a17488464a7058c27c13, type: 3}
  - {fileID: 0}
  LeaderAbilityClips:
  - {fileID: 8300000, guid: 35761c5ec2e7f8b4691719bd553095f2, type: 3}
  - {fileID: 0}
--- !u!82 &82462723883505428
AudioSource:
  m_GameObject: {fileID: 1655220238199076}
  m_Enabled: 1
  serializedVersion: 4
  OutputAudioMixerGroup: {fileID: 0}
  m_audioClip: {fileID: 0}
  m_PlayOnAwake: 1
  m_Volume: 1
  m_Pitch: 1
  Loop: 0
  Mute: 0
  Spatialize: 0
  SpatializePostEffects: 0
  Priority: 128
  DopplerLevel: 1
  MinDistance: 1
  MaxDistance: 500
  Pan2D: 0
  rolloffMode: 0
  BypassEffects: 0
  BypassListenerEffects: 0
  BypassReverbZones: 0
  rolloffCustomCurve:
    serializedVersion: 2
    m_Curve:
    - serializedVersion: 2
      time: 0
      value: 1
      inSlope: 0
      outSlope: 0
      tangentMode: 0
    - serializedVersion: 2
      time: 1
      value: 0
      inSlope: 0
      outSlope: 0
      tangentMode: 0
    m_PreInfinity: 2
    m_PostInfinity: 2
    m_RotationOrder: 0
  panLevelCustomCurve:
    serializedVersion: 2
    m_Curve:
    - serializedVersion: 2
      time: 0
      value: 0
      inSlope: 0
      outSlope: 0
      tangentMode: 0
    m_PreInfinity: 2
    m_PostInfinity: 2
    m_RotationOrder: 0
  spreadCustomCurve:
    serializedVersion: 2
    m_Curve:
    - serializedVersion: 2
      time: 0
      value: 0
      inSlope: 0
      outSlope: 0
      tangentMode: 0
    m_PreInfinity: 2
    m_PostInfinity: 2
    m_RotationOrder: 0
  reverbZoneMixCustomCurve:
    serializedVersion: 2
    m_Curve:
    - serializedVersion: 2
      time: 0
      value: 1
      inSlope: 0
      outSlope: 0
      tangentMode: 0
    m_PreInfinity: 2
    m_PostInfinity: 2
    m_RotationOrder: 0
--- !u!1 &1065036596546385
GameObject:
  serializedVersion: 5
  m_Component:
  - component: {fileID: 4656988522186871}
  - component: {fileID: 111126745287201842}
  m_Layer: 0
  m_Name: DonutGoonCharacter
  m_TagString: Untagged
  m_Icon: {fileID: 0}
  m_NavMeshLayer: 0
  m_StaticEditorFlags: 0
  m_IsActive: 1
--- !u!4 &4656988522186871
Transform:
  m_GameObject: {fileID: 1065036596546385}
  m_LocalRotation: {x: 0, y: 0, z: 0, w: 1}
  m_LocalPosition: {x: 0, y: 0, z: 0}
  m_LocalScale: {x: 1, y: 1, z: 1}
  m_Children:
  - {fileID: 4243409704377840}
  - {fileID: 4552376066898723}
  - {fileID: 4645029777870747}
  - {fileID: 4502059660400077}
  - {fileID: 4754892464635243}
  m_Father: {fileID: 4788718455159392}
  m_RootOrder: 0
  m_LocalEulerAnglesHint: {x: 0, y: 0, z: 0}
--- !u!111 &111126745287201842
Animation:
  m_GameObject: {fileID: 1065036596546385}
  m_Enabled: 1
  serializedVersion: 3
  m_Animation: {fileID: 0}
  m_Animations:
  - {fileID: 7400000, guid: 05034bbfc737000429c186a9e8e7768a, type: 2}
  - {fileID: 7400000, guid: 1957ff2baa3205144aa961487add2181, type: 2}
  - {fileID: 7400000, guid: 05034bbfc737000429c186a9e8e7768a, type: 2}
  - {fileID: 7400000, guid: 9c2019fc5debb0b4c98373fedb0c8c13, type: 2}
  - {fileID: 7400000, guid: 05034bbfc737000429c186a9e8e7768a, type: 2}
  - {fileID: 7400000, guid: 6efeeceded14a4b42b925d5736f79021, type: 2}
  - {fileID: 7400000, guid: 6efeeceded14a4b42b925d5736f79021, type: 2}
  - {fileID: 7400000, guid: c5462af756207ab428c78c30469c5310, type: 2}
  - {fileID: 7400000, guid: c5462af756207ab428c78c30469c5310, type: 2}
  - {fileID: 7400000, guid: 6e0f970bfb628a3408160e8f9df3a27e, type: 2}
  - {fileID: 7400000, guid: af21c9c66676d904f8787fe365bcceed, type: 2}
  - {fileID: 7400000, guid: 25a7c61c70efa1d4d877febdd54bdedb, type: 2}
  - {fileID: 7400000, guid: 1e632b1d6960973478cbf52b8cc4808f, type: 2}
  m_WrapMode: 0
  m_PlayAutomatically: 1
  m_AnimatePhysics: 0
  m_CullingType: 1
--- !u!1 &1047009164703662
GameObject:
  serializedVersion: 5
  m_Component:
  - component: {fileID: 4243409704377840}
  - component: {fileID: 137511944184757462}
  m_Layer: 0
  m_Name: DonutGoon
  m_TagString: Untagged
  m_Icon: {fileID: 0}
  m_NavMeshLayer: 0
  m_StaticEditorFlags: 0
  m_IsActive: 1
--- !u!4 &4243409704377840
Transform:
  m_GameObject: {fileID: 1047009164703662}
  m_LocalRotation: {x: -0.7071068, y: 0, z: 0, w: 0.7071068}
  m_LocalPosition: {x: 0, y: 0, z: 0}
  m_LocalScale: {x: 1, y: 1, z: 1}
  m_Children: []
  m_Father: {fileID: 4656988522186871}
  m_RootOrder: 0
  m_LocalEulerAnglesHint: {x: -90, y: 0, z: 0}
--- !u!137 &137511944184757462
SkinnedMeshRenderer:
  m_GameObject: {fileID: 1047009164703662}
  m_Enabled: 1
  m_CastShadows: 1
  m_ReceiveShadows: 1
  m_DynamicOccludee: 1
  m_MotionVectors: 1
  m_LightProbeUsage: 1
  m_ReflectionProbeUsage: 1
  m_Materials:
  - {fileID: 2100000, guid: 648307ae006387f4f9aa08e6285bc031, type: 2}
  m_StaticBatchInfo:
    firstSubMesh: 0
    subMeshCount: 0
  m_StaticBatchRoot: {fileID: 0}
  m_ProbeAnchor: {fileID: 0}
  m_LightProbeVolumeOverride: {fileID: 0}
  m_ScaleInLightmap: 1
  m_PreserveUVs: 0
  m_IgnoreNormalsForChartDetection: 0
  m_ImportantGI: 0
  m_StitchLightmapSeams: 0
  m_SelectedEditorRenderState: 3
  m_MinimumChartSize: 4
  m_AutoUVMaxDistance: 0.5
  m_AutoUVMaxAngle: 89
  m_LightmapParameters: {fileID: 0}
  m_SortingLayerID: 0
  m_SortingLayer: 0
  m_SortingOrder: 0
  serializedVersion: 2
  m_Quality: 0
  m_UpdateWhenOffscreen: 0
  m_skinnedMotionVectors: 0
  m_Mesh: {fileID: 4300000, guid: e32f71a0835aecd4c8b0fd49ec2274d8, type: 2}
  m_Bones:
  - {fileID: 4054209651751164}
  - {fileID: 4502059660400077}
  - {fileID: 4236177241061935}
  - {fileID: 4243945876779128}
  - {fileID: 4343879471663083}
  - {fileID: 4148442317779257}
  - {fileID: 4013490657456964}
  - {fileID: 4396449575401689}
  - {fileID: 4480749530608823}
  - {fileID: 4029072533197678}
  - {fileID: 4474447740762192}
  - {fileID: 4116228790784405}
  - {fileID: 4722938110637137}
  - {fileID: 4747816875577948}
  - {fileID: 4595926673711991}
  - {fileID: 4917968787427214}
  - {fileID: 4545082224316077}
  - {fileID: 4632899931320226}
  - {fileID: 4221806388600377}
  - {fileID: 4027046916296522}
  - {fileID: 4647698657816370}
  - {fileID: 4394819760541051}
  - {fileID: 4973308086442607}
  - {fileID: 4860734615838238}
  - {fileID: 4643595638194157}
  - {fileID: 4239399645416548}
  - {fileID: 4533464479181580}
  - {fileID: 4908260269435025}
  - {fileID: 4676895977886269}
  - {fileID: 4927895779862334}
  - {fileID: 4436232798749061}
  - {fileID: 4450767684839798}
  m_BlendShapeWeights: []
  m_RootBone: {fileID: 4502059660400077}
  m_AABB:
    m_Center: {x: -13.13224, y: 0.8175297, z: 0.969986}
    m_Extent: {x: 49.537, y: 17.91742, z: 37.44836}
  m_DirtyAABB: 0
--- !u!1 &1066127807925989
GameObject:
  serializedVersion: 5
  m_Component:
  - component: {fileID: 4552376066898723}
  - component: {fileID: 137246273063540746}
  m_Layer: 0
  m_Name: DonutGoon_Outline
  m_TagString: Untagged
  m_Icon: {fileID: 0}
  m_NavMeshLayer: 0
  m_StaticEditorFlags: 0
  m_IsActive: 1
--- !u!4 &4552376066898723
Transform:
  m_GameObject: {fileID: 1066127807925989}
  m_LocalRotation: {x: -0.7071068, y: 0, z: 0, w: 0.7071068}
  m_LocalPosition: {x: 0, y: 0, z: 0}
  m_LocalScale: {x: 1, y: 1, z: 1}
  m_Children: []
  m_Father: {fileID: 4656988522186871}
  m_RootOrder: 1
  m_LocalEulerAnglesHint: {x: -90, y: 0, z: 0}
--- !u!137 &137246273063540746
SkinnedMeshRenderer:
  m_GameObject: {fileID: 1066127807925989}
  m_Enabled: 1
  m_CastShadows: 1
  m_ReceiveShadows: 1
  m_DynamicOccludee: 1
  m_MotionVectors: 1
  m_LightProbeUsage: 1
  m_ReflectionProbeUsage: 1
  m_Materials:
  - {fileID: 2100000, guid: 648307ae006387f4f9aa08e6285bc031, type: 2}
  m_StaticBatchInfo:
    firstSubMesh: 0
    subMeshCount: 0
  m_StaticBatchRoot: {fileID: 0}
  m_ProbeAnchor: {fileID: 0}
  m_LightProbeVolumeOverride: {fileID: 0}
  m_ScaleInLightmap: 1
  m_PreserveUVs: 0
  m_IgnoreNormalsForChartDetection: 0
  m_ImportantGI: 0
  m_StitchLightmapSeams: 0
  m_SelectedEditorRenderState: 3
  m_MinimumChartSize: 4
  m_AutoUVMaxDistance: 0.5
  m_AutoUVMaxAngle: 89
  m_LightmapParameters: {fileID: 0}
  m_SortingLayerID: 0
  m_SortingLayer: 0
  m_SortingOrder: 0
  serializedVersion: 2
  m_Quality: 0
  m_UpdateWhenOffscreen: 0
  m_skinnedMotionVectors: 0
  m_Mesh: {fileID: 4300000, guid: 9f6cc55d1feeef64bb33a68d0d2d2441, type: 2}
  m_Bones:
  - {fileID: 4054209651751164}
  - {fileID: 4236177241061935}
  - {fileID: 4502059660400077}
  - {fileID: 4243945876779128}
  - {fileID: 4343879471663083}
  - {fileID: 4013490657456964}
  - {fileID: 4148442317779257}
  - {fileID: 4480749530608823}
  - {fileID: 4029072533197678}
  - {fileID: 4474447740762192}
  - {fileID: 4116228790784405}
  - {fileID: 4722938110637137}
  - {fileID: 4747816875577948}
  - {fileID: 4595926673711991}
  - {fileID: 4545082224316077}
  - {fileID: 4632899931320226}
  - {fileID: 4221806388600377}
  - {fileID: 4917968787427214}
  - {fileID: 4027046916296522}
  - {fileID: 4647698657816370}
  - {fileID: 4394819760541051}
  - {fileID: 4973308086442607}
  - {fileID: 4860734615838238}
  - {fileID: 4643595638194157}
  - {fileID: 4239399645416548}
  - {fileID: 4533464479181580}
  - {fileID: 4908260269435025}
  - {fileID: 4676895977886269}
  - {fileID: 4927895779862334}
  - {fileID: 4436232798749061}
  - {fileID: 4396449575401689}
  - {fileID: 4450767684839798}
  m_BlendShapeWeights: []
  m_RootBone: {fileID: 4502059660400077}
  m_AABB:
    m_Center: {x: -12.65466, y: 0.58955, z: 0.9170074}
    m_Extent: {x: 50.36692, y: 18.65119, z: 37.85426}
  m_DirtyAABB: 0
--- !u!1 &1674846911763693
GameObject:
  serializedVersion: 5
  m_Component:
  - component: {fileID: 4645029777870747}
  - component: {fileID: 137972052369327867}
  m_Layer: 0
  m_Name: M_MOUTH
  m_TagString: Untagged
  m_Icon: {fileID: 0}
  m_NavMeshLayer: 0
  m_StaticEditorFlags: 0
  m_IsActive: 1
--- !u!4 &4645029777870747
Transform:
  m_GameObject: {fileID: 1674846911763693}
  m_LocalRotation: {x: -0.7071068, y: 0, z: 0, w: 0.7071068}
  m_LocalPosition: {x: 0, y: 0, z: 0}
  m_LocalScale: {x: 1, y: 1, z: 1}
  m_Children: []
  m_Father: {fileID: 4656988522186871}
  m_RootOrder: 2
  m_LocalEulerAnglesHint: {x: -90, y: 0, z: 0}
--- !u!137 &137972052369327867
SkinnedMeshRenderer:
  m_GameObject: {fileID: 1674846911763693}
  m_Enabled: 1
  m_CastShadows: 1
  m_ReceiveShadows: 1
  m_DynamicOccludee: 1
  m_MotionVectors: 1
  m_LightProbeUsage: 1
  m_ReflectionProbeUsage: 1
  m_Materials:
  - {fileID: 2100000, guid: 8e5d7d4d0c15caa40b14ddf01b8be3d3, type: 2}
  m_StaticBatchInfo:
    firstSubMesh: 0
    subMeshCount: 0
  m_StaticBatchRoot: {fileID: 0}
  m_ProbeAnchor: {fileID: 0}
  m_LightProbeVolumeOverride: {fileID: 0}
  m_ScaleInLightmap: 1
  m_PreserveUVs: 0
  m_IgnoreNormalsForChartDetection: 0
  m_ImportantGI: 0
  m_StitchLightmapSeams: 0
  m_SelectedEditorRenderState: 3
  m_MinimumChartSize: 4
  m_AutoUVMaxDistance: 0.5
  m_AutoUVMaxAngle: 89
  m_LightmapParameters: {fileID: 0}
  m_SortingLayerID: 0
  m_SortingLayer: 0
  m_SortingOrder: 0
  serializedVersion: 2
  m_Quality: 0
  m_UpdateWhenOffscreen: 0
  m_skinnedMotionVectors: 0
  m_Mesh: {fileID: 4300000, guid: ca0d0a76927c3314098bdd65e45e5729, type: 2}
  m_Bones:
  - {fileID: 4013490657456964}
  - {fileID: 4343879471663083}
  - {fileID: 4502059660400077}
  m_BlendShapeWeights: []
  m_RootBone: {fileID: 4502059660400077}
  m_AABB:
    m_Center: {x: -23.32815, y: 13.88169, z: -0.008081436}
    m_Extent: {x: 7.095577, y: 3.164247, z: 12.75813}
  m_DirtyAABB: 0
--- !u!1 &1585599712169750
GameObject:
  serializedVersion: 5
  m_Component:
  - component: {fileID: 4502059660400077}
  m_Layer: 0
  m_Name: Puppet
  m_TagString: Untagged
  m_Icon: {fileID: 0}
  m_NavMeshLayer: 0
  m_StaticEditorFlags: 0
  m_IsActive: 1
--- !u!4 &4502059660400077
Transform:
  m_GameObject: {fileID: 1585599712169750}
  m_LocalRotation: {x: 0.4991271, y: -0.5008715, z: -0.499127, w: 0.5008714}
  m_LocalPosition: {x: 0.04389381, y: 36.35702, z: -2.718344}
  m_LocalScale: {x: 1, y: 1, z: 1}
  m_Children:
  - {fileID: 4054209651751164}
  - {fileID: 4029072533197678}
  - {fileID: 4243945876779128}
  - {fileID: 4236177241061935}
  - {fileID: 4722938110637137}
  - {fileID: 4013490657456964}
  m_Father: {fileID: 4656988522186871}
  m_RootOrder: 3
  m_LocalEulerAnglesHint: {x: 90.00001, y: 0.1998958, z: 90}
--- !u!1 &1170661987972498
GameObject:
  serializedVersion: 5
  m_Component:
  - component: {fileID: 4054209651751164}
  m_Layer: 0
  m_Name: Puppet_Banana
  m_TagString: Untagged
  m_Icon: {fileID: 0}
  m_NavMeshLayer: 0
  m_StaticEditorFlags: 0
  m_IsActive: 1
--- !u!4 &4054209651751164
Transform:
  m_GameObject: {fileID: 1170661987972498}
  m_LocalRotation: {x: -0.1244275, y: 0.03943175, z: 0.9451213, w: 0.2995139}
  m_LocalPosition: {x: -2.602081, y: 9.697453, z: 17.65869}
  m_LocalScale: {x: 1, y: 1, z: 1}
  m_Children: []
  m_Father: {fileID: 4502059660400077}
  m_RootOrder: 0
  m_LocalEulerAnglesHint: {x: 2.012193E-06, y: -14.99999, z: -144.8326}
--- !u!1 &1983450010991741
GameObject:
  serializedVersion: 5
  m_Component:
  - component: {fileID: 4029072533197678}
  m_Layer: 0
  m_Name: Puppet_L_Thigh
  m_TagString: Untagged
  m_Icon: {fileID: 0}
  m_NavMeshLayer: 0
  m_StaticEditorFlags: 0
  m_IsActive: 1
--- !u!4 &4029072533197678
Transform:
  m_GameObject: {fileID: 1983450010991741}
  m_LocalRotation: {x: -0.0358448, y: 0.9993568, z: -7.358017E-05, w: -0.001081133}
  m_LocalPosition: {x: 4.15799, y: -1.160444, z: 7.635975}
  m_LocalScale: {x: 1, y: 0.9999999, z: 1}
  m_Children:
  - {fileID: 4474447740762192}
  m_Father: {fileID: 4502059660400077}
  m_RootOrder: 1
  m_LocalEulerAnglesHint: {x: -179.996, y: 0.1241114, z: 175.8916}
--- !u!1 &1831026942847932
GameObject:
  serializedVersion: 5
  m_Component:
  - component: {fileID: 4474447740762192}
  m_Layer: 0
  m_Name: Puppet_L_Calf
  m_TagString: Untagged
  m_Icon: {fileID: 0}
  m_NavMeshLayer: 0
  m_StaticEditorFlags: 0
  m_IsActive: 1
--- !u!4 &4474447740762192
Transform:
  m_GameObject: {fileID: 1831026942847932}
  m_LocalRotation: {x: -1.750974E-05, y: 2.669137E-06, z: 0.1398441, w: 0.9901735}
  m_LocalPosition: {x: -17.9975, y: -1.192093E-07, z: -4.768372E-07}
  m_LocalScale: {x: 0.9999997, y: 1, z: 0.9999995}
  m_Children:
  - {fileID: 4480749530608823}
  m_Father: {fileID: 4029072533197678}
  m_RootOrder: 0
  m_LocalEulerAnglesHint: {x: -0.001943979, y: -0.0005834477, z: -16.07765}
--- !u!1 &1687005923897177
GameObject:
  serializedVersion: 5
  m_Component:
  - component: {fileID: 4480749530608823}
  m_Layer: 0
  m_Name: Puppet_L_Foot
  m_TagString: Untagged
  m_Icon: {fileID: 0}
  m_NavMeshLayer: 0
  m_StaticEditorFlags: 0
  m_IsActive: 1
--- !u!4 &4480749530608823
Transform:
  m_GameObject: {fileID: 1687005923897177}
  m_LocalRotation: {x: 0.0005964403, y: -0.0009072997, z: -0.7683794, w: 0.6399936}
  m_LocalPosition: {x: -12.91159, y: 2.384186E-06, z: 9.536743E-07}
  m_LocalScale: {x: 0.9999997, y: 1, z: 1}
  m_Children: []
  m_Father: {fileID: 4474447740762192}
  m_RootOrder: 0
  m_LocalEulerAnglesHint: {x: 0.1236293, y: 0.01402298, z: 100.4173}
--- !u!1 &1922506745768295
GameObject:
  serializedVersion: 5
  m_Component:
  - component: {fileID: 4243945876779128}
  m_Layer: 0
  m_Name: Puppet_LeafBack
  m_TagString: Untagged
  m_Icon: {fileID: 0}
  m_NavMeshLayer: 0
  m_StaticEditorFlags: 0
  m_IsActive: 1
--- !u!4 &4243945876779128
Transform:
  m_GameObject: {fileID: 1922506745768295}
  m_LocalRotation: {x: 0.9762961, y: 0.2164395, z: 3.240509E-08, w: -9.563411E-08}
  m_LocalPosition: {x: -10.87214, y: -13.05513, z: 3.043562E-06}
  m_LocalScale: {x: 0.9999996, y: 0.9999999, z: 0.9999999}
  m_Children: []
  m_Father: {fileID: 4502059660400077}
  m_RootOrder: 2
  m_LocalEulerAnglesHint: {x: -180, y: 5.997259E-06, z: -24.99999}
--- !u!1 &1419851487679199
GameObject:
  serializedVersion: 5
  m_Component:
  - component: {fileID: 4236177241061935}
  m_Layer: 0
  m_Name: Puppet_LeafFront
  m_TagString: Untagged
  m_Icon: {fileID: 0}
  m_NavMeshLayer: 0
  m_StaticEditorFlags: 0
  m_IsActive: 1
--- !u!4 &4236177241061935
Transform:
  m_GameObject: {fileID: 1419851487679199}
  m_LocalRotation: {x: -2.000924E-07, y: 7.139673E-08, z: -0.21644, w: 0.9762959}
  m_LocalPosition: {x: -10.40762, y: 15.02587, z: 6.03497E-07}
  m_LocalScale: {x: 1, y: 1, z: 0.9999999}
  m_Children: []
  m_Father: {fileID: 4502059660400077}
  m_RootOrder: 3
  m_LocalEulerAnglesHint: {x: -2.415619E-05, y: -3.024797E-06, z: 25.00004}
--- !u!1 &1707480519279959
GameObject:
  serializedVersion: 5
  m_Component:
  - component: {fileID: 4722938110637137}
  m_Layer: 0
  m_Name: Puppet_R_Thigh
  m_TagString: Untagged
  m_Icon: {fileID: 0}
  m_NavMeshLayer: 0
  m_StaticEditorFlags: 0
  m_IsActive: 1
--- !u!4 &4722938110637137
Transform:
  m_GameObject: {fileID: 1707480519279959}
  m_LocalRotation: {x: -0.03584521, y: 0.9993567, z: 7.352303E-05, w: 0.001081255}
  m_LocalPosition: {x: 4.15799, y: -1.160444, z: -7.635974}
  m_LocalScale: {x: 1, y: 0.9999999, z: 1}
  m_Children:
  - {fileID: 4747816875577948}
  m_Father: {fileID: 4502059660400077}
  m_RootOrder: 4
  m_LocalEulerAnglesHint: {x: 179.996, y: -0.1241251, z: 175.8916}
--- !u!1 &1032111892636962
GameObject:
  serializedVersion: 5
  m_Component:
  - component: {fileID: 4747816875577948}
  m_Layer: 0
  m_Name: Puppet_R_Calf
  m_TagString: Untagged
  m_Icon: {fileID: 0}
  m_NavMeshLayer: 0
  m_StaticEditorFlags: 0
  m_IsActive: 1
--- !u!4 &4747816875577948
Transform:
  m_GameObject: {fileID: 1032111892636962}
  m_LocalRotation: {x: 1.750542E-05, y: -2.427193E-06, z: 0.1398444, w: 0.9901735}
  m_LocalPosition: {x: -17.9975, y: 2.384186E-07, z: 0}
  m_LocalScale: {x: 0.9999998, y: 1, z: 0.9999996}
  m_Children:
  - {fileID: 4116228790784405}
  m_Father: {fileID: 4722938110637137}
  m_RootOrder: 0
  m_LocalEulerAnglesHint: {x: 0.001947366, y: 0.0005559269, z: -16.07769}
--- !u!1 &1615176540952748
GameObject:
  serializedVersion: 5
  m_Component:
  - component: {fileID: 4116228790784405}
  m_Layer: 0
  m_Name: Puppet_R_Foot
  m_TagString: Untagged
  m_Icon: {fileID: 0}
  m_NavMeshLayer: 0
  m_StaticEditorFlags: 0
  m_IsActive: 1
--- !u!4 &4116228790784405
Transform:
  m_GameObject: {fileID: 1615176540952748}
  m_LocalRotation: {x: -0.0005962433, y: 0.0009072943, z: -0.7683794, w: 0.6399937}
  m_LocalPosition: {x: -12.91159, y: 1.907349E-06, z: -9.536743E-07}
  m_LocalScale: {x: 1, y: 0.9999999, z: 1}
  m_Children: []
  m_Father: {fileID: 4747816875577948}
  m_RootOrder: 0
  m_LocalEulerAnglesHint: {x: -0.1236144, y: -0.01403993, z: 100.4173}
--- !u!1 &1904450714806930
GameObject:
  serializedVersion: 5
  m_Component:
  - component: {fileID: 4013490657456964}
  m_Layer: 0
  m_Name: Puppet_Spine
  m_TagString: Untagged
  m_Icon: {fileID: 0}
  m_NavMeshLayer: 0
  m_StaticEditorFlags: 0
  m_IsActive: 1
--- !u!4 &4013490657456964
Transform:
  m_GameObject: {fileID: 1904450714806930}
  m_LocalRotation: {x: 2.890294E-10, y: -1.091119E-09, z: -0.02683561, w: 0.9996399}
  m_LocalPosition: {x: -20.4889, y: 2.194633, z: -2.093613E-06}
  m_LocalScale: {x: 1, y: 1, z: 1}
  m_Children:
  - {fileID: 4343879471663083}
  m_Father: {fileID: 4502059660400077}
  m_RootOrder: 5
  m_LocalEulerAnglesHint: {x: 3.646374E-08, y: 1.240992E-07, z: 3.075503}
--- !u!1 &1605897937425827
GameObject:
  serializedVersion: 5
  m_Component:
  - component: {fileID: 4343879471663083}
  m_Layer: 0
  m_Name: Puppet_Spine1
  m_TagString: Untagged
  m_Icon: {fileID: 0}
  m_NavMeshLayer: 0
  m_StaticEditorFlags: 0
  m_IsActive: 1
--- !u!4 &4343879471663083
Transform:
  m_GameObject: {fileID: 1605897937425827}
  m_LocalRotation: {x: -0.0003227197, y: 9.467964E-06, z: 0.05794544, w: 0.9983197}
  m_LocalPosition: {x: -10.08558, y: 0, z: 3.539026E-07}
  m_LocalScale: {x: 1, y: 0.9999999, z: 0.9999999}
  m_Children:
  - {fileID: 4917968787427214}
  - {fileID: 4148442317779257}
  - {fileID: 4396449575401689}
  m_Father: {fileID: 4013490657456964}
  m_RootOrder: 0
  m_LocalEulerAnglesHint: {x: -0.03685594, y: -0.003226003, z: -6.643779}
--- !u!1 &1859706176091383
GameObject:
  serializedVersion: 5
  m_Component:
  - component: {fileID: 4917968787427214}
  m_Layer: 0
  m_Name: Puppet_Head
  m_TagString: Untagged
  m_Icon: {fileID: 0}
  m_NavMeshLayer: 0
  m_StaticEditorFlags: 0
  m_IsActive: 1
--- !u!4 &4917968787427214
Transform:
  m_GameObject: {fileID: 1859706176091383}
  m_LocalRotation: {x: -1.308035E-08, y: 2.434261E-09, z: 1, w: -6.705523E-08}
  m_LocalPosition: {x: -23.09336, y: 0.04767799, z: -5.923212E-07}
  m_LocalScale: {x: 1, y: 1, z: 1}
  m_Children:
  - {fileID: 4545082224316077}
  - {fileID: 4027046916296522}
  - {fileID: 4221806388600377}
  m_Father: {fileID: 4343879471663083}
  m_RootOrder: 0
  m_LocalEulerAnglesHint: {x: 2.789459E-07, y: -1.498898E-06, z: 180}
--- !u!1 &1867871903933615
GameObject:
  serializedVersion: 5
  m_Component:
  - component: {fileID: 4545082224316077}
  m_Layer: 0
  m_Name: Puppet_L_Shoulder
  m_TagString: Untagged
  m_Icon: {fileID: 0}
  m_NavMeshLayer: 0
  m_StaticEditorFlags: 0
  m_IsActive: 1
--- !u!4 &4545082224316077
Transform:
  m_GameObject: {fileID: 1867871903933615}
  m_LocalRotation: {x: 0.02295078, y: 0.2651018, z: -0.08374364, w: 0.9603027}
  m_LocalPosition: {x: -8.543747, y: 3.740319, z: 16.76047}
  m_LocalScale: {x: 1, y: 0.9999999, z: 1}
  m_Children:
  - {fileID: 4595926673711991}
  m_Father: {fileID: 4917968787427214}
  m_RootOrder: 0
  m_LocalEulerAnglesHint: {x: -0.02147776, y: -30.86386, z: 9.973722}
--- !u!1 &1015731917945170
GameObject:
  serializedVersion: 5
  m_Component:
  - component: {fileID: 4595926673711991}
  m_Layer: 0
  m_Name: Puppet_L_Donut
  m_TagString: Untagged
  m_Icon: {fileID: 0}
  m_NavMeshLayer: 0
  m_StaticEditorFlags: 0
  m_IsActive: 1
--- !u!4 &4595926673711991
Transform:
  m_GameObject: {fileID: 1015731917945170}
  m_LocalRotation: {x: -0.4216821, y: 0.03842703, z: 0.7710294, w: 0.4756272}
  m_LocalPosition: {x: -8.039253, y: -6.283467, z: 5.833366}
  m_LocalScale: {x: 0.9999997, y: 0.9999998, z: 1}
  m_Children: []
  m_Father: {fileID: 4545082224316077}
  m_RootOrder: 0
  m_LocalEulerAnglesHint: {x: -28.05733, y: -43.37832, z: -105.3109}
--- !u!1 &1960307491161067
GameObject:
  serializedVersion: 5
  m_Component:
  - component: {fileID: 4027046916296522}
  m_Layer: 0
  m_Name: Puppet_M_Donut
  m_TagString: Untagged
  m_Icon: {fileID: 0}
  m_NavMeshLayer: 0
  m_StaticEditorFlags: 0
  m_IsActive: 1
--- !u!4 &4027046916296522
Transform:
  m_GameObject: {fileID: 1960307491161067}
  m_LocalRotation: {x: -9.291313E-09, y: 4.241646E-07, z: 0.7933534, w: 0.6087614}
  m_LocalPosition: {x: -9.961319, y: -9.680795, z: -0.03731746}
  m_LocalScale: {x: 1, y: 1.000001, z: 0.9999999}
  m_Children: []
  m_Father: {fileID: 4917968787427214}
  m_RootOrder: 1
  m_LocalEulerAnglesHint: {x: 3.791333E-05, y: -3.043395E-05, z: -105}
--- !u!1 &1385007760108953
GameObject:
  serializedVersion: 5
  m_Component:
  - component: {fileID: 4221806388600377}
  m_Layer: 0
  m_Name: Puppet_R_Shoulder
  m_TagString: Untagged
  m_Icon: {fileID: 0}
  m_NavMeshLayer: 0
  m_StaticEditorFlags: 0
  m_IsActive: 1
--- !u!4 &4221806388600377
Transform:
  m_GameObject: {fileID: 1385007760108953}
  m_LocalRotation: {x: -0.02295073, y: -0.2651016, z: -0.08374348, w: 0.9603028}
  m_LocalPosition: {x: -8.543747, y: 3.74032, z: -16.76046}
  m_LocalScale: {x: 0.9999999, y: 1, z: 1}
  m_Children:
  - {fileID: 4632899931320226}
  m_Father: {fileID: 4917968787427214}
  m_RootOrder: 2
  m_LocalEulerAnglesHint: {x: 0.02147691, y: 30.86384, z: 9.973702}
--- !u!1 &1436115664859960
GameObject:
  serializedVersion: 5
  m_Component:
  - component: {fileID: 4632899931320226}
  m_Layer: 0
  m_Name: Puppet_R_Donut
  m_TagString: Untagged
  m_Icon: {fileID: 0}
  m_NavMeshLayer: 0
  m_StaticEditorFlags: 0
  m_IsActive: 1
--- !u!4 &4632899931320226
Transform:
  m_GameObject: {fileID: 1436115664859960}
  m_LocalRotation: {x: 0.4268029, y: -0.01444191, z: 0.7498475, w: 0.5053312}
  m_LocalPosition: {x: -6.537029, y: -5.015812, z: -4.417877}
  m_LocalScale: {x: 1.000001, y: 1, z: 1.000001}
  m_Children: []
  m_Father: {fileID: 4221806388600377}
  m_RootOrder: 0
  m_LocalEulerAnglesHint: {x: 32.81892, y: 40.89463, z: -99.51518}
--- !u!1 &1999689063116672
GameObject:
  serializedVersion: 5
  m_Component:
  - component: {fileID: 4148442317779257}
  m_Layer: 0
  m_Name: Puppet_L_UpperArm
  m_TagString: Untagged
  m_Icon: {fileID: 0}
  m_NavMeshLayer: 0
  m_StaticEditorFlags: 0
  m_IsActive: 1
--- !u!4 &4148442317779257
Transform:
  m_GameObject: {fileID: 1999689063116672}
  m_LocalRotation: {x: 0.04756169, y: 0.9354968, z: 0.1176504, w: 0.3297606}
  m_LocalPosition: {x: -6.513306, y: -4.325663, z: 20.47951}
  m_LocalScale: {x: 0.9999999, y: 0.9999999, z: 1}
  m_Children:
  - {fileID: 4831609662870803}
  - {fileID: 4239399645416548}
  m_Father: {fileID: 4343879471663083}
  m_RootOrder: 1
  m_LocalEulerAnglesHint: {x: 161.5732, y: -37.28562, z: -167.9145}
--- !u!1 &1140258614395704
GameObject:
  serializedVersion: 5
  m_Component:
  - component: {fileID: 4831609662870803}
  m_Layer: 0
  m_Name: Puppet_L_Shoulderpad
  m_TagString: Untagged
  m_Icon: {fileID: 0}
  m_NavMeshLayer: 0
  m_StaticEditorFlags: 0
  m_IsActive: 1
--- !u!4 &4831609662870803
Transform:
  m_GameObject: {fileID: 1140258614395704}
  m_LocalRotation: {x: 0.05839251, y: -0.005565615, z: -0.04913956, w: 0.997068}
  m_LocalPosition: {x: -0.7752533, y: -0.116509, z: 0.0004730225}
  m_LocalScale: {x: 1, y: 0.9999999, z: 1}
  m_Children: []
  m_Father: {fileID: 4148442317779257}
  m_RootOrder: 0
  m_LocalEulerAnglesHint: {x: 6.718492, y: 0.307097, z: 5.660997}
--- !u!1 &1138325954084872
GameObject:
  serializedVersion: 5
  m_Component:
  - component: {fileID: 4239399645416548}
  m_Layer: 0
  m_Name: Puppet_L_UpperArm1
  m_TagString: Untagged
  m_Icon: {fileID: 0}
  m_NavMeshLayer: 0
  m_StaticEditorFlags: 0
  m_IsActive: 1
--- !u!4 &4239399645416548
Transform:
  m_GameObject: {fileID: 1138325954084872}
  m_LocalRotation: {x: 0.003054938, y: 0.04204312, z: -0.005411854, w: 0.9990965}
  m_LocalPosition: {x: -6.810509, y: 1.907349E-06, z: 0}
  m_LocalScale: {x: 1, y: 1, z: 1}
  m_Children:
  - {fileID: 4643595638194157}
  m_Father: {fileID: 4148442317779257}
  m_RootOrder: 1
  m_LocalEulerAnglesHint: {x: 0.3248316, y: -4.821015, z: 0.6070333}
--- !u!1 &1259389532786619
GameObject:
  serializedVersion: 5
  m_Component:
  - component: {fileID: 4643595638194157}
  m_Layer: 0
  m_Name: Puppet_L_UpperArm2
  m_TagString: Untagged
  m_Icon: {fileID: 0}
  m_NavMeshLayer: 0
  m_StaticEditorFlags: 0
  m_IsActive: 1
--- !u!4 &4643595638194157
Transform:
  m_GameObject: {fileID: 1259389532786619}
  m_LocalRotation: {x: 0.002862145, y: 0.09893001, z: -0.01333199, w: 0.995001}
  m_LocalPosition: {x: -6.426125, y: 1.430511E-06, z: 0}
  m_LocalScale: {x: 0.9999998, y: 1, z: 0.9999999}
  m_Children:
  - {fileID: 4860734615838238}
  m_Father: {fileID: 4239399645416548}
  m_RootOrder: 0
  m_LocalEulerAnglesHint: {x: 0.1786997, y: -11.3585, z: 1.517546}
--- !u!1 &1929226932371719
GameObject:
  serializedVersion: 5
  m_Component:
  - component: {fileID: 4860734615838238}
  m_Layer: 0
  m_Name: Puppet_L_Forearm
  m_TagString: Untagged
  m_Icon: {fileID: 0}
  m_NavMeshLayer: 0
  m_StaticEditorFlags: 0
  m_IsActive: 1
--- !u!4 &4860734615838238
Transform:
  m_GameObject: {fileID: 1929226932371719}
  m_LocalRotation: {x: -0.0004017198, y: 0.145895, z: -0.03544824, w: 0.9886647}
  m_LocalPosition: {x: -5.813744, y: 9.536743E-07, z: -7.629395E-06}
  m_LocalScale: {x: 0.9999999, y: 0.9999999, z: 0.9999999}
  m_Children:
  - {fileID: 4647698657816370}
  m_Father: {fileID: 4643595638194157}
  m_RootOrder: 0
  m_LocalEulerAnglesHint: {x: -0.6664922, y: -16.76543, z: 4.205097}
--- !u!1 &1838544344950409
GameObject:
  serializedVersion: 5
  m_Component:
  - component: {fileID: 4647698657816370}
  m_Layer: 0
  m_Name: Puppet_L_Forearm1
  m_TagString: Untagged
  m_Icon: {fileID: 0}
  m_NavMeshLayer: 0
  m_StaticEditorFlags: 0
  m_IsActive: 1
--- !u!4 &4647698657816370
Transform:
  m_GameObject: {fileID: 1838544344950409}
  m_LocalRotation: {x: -0.007637119, y: 0.09671716, z: -0.03369992, w: 0.9947119}
  m_LocalPosition: {x: -5.675812, y: 9.536743E-07, z: 0}
  m_LocalScale: {x: 0.9999999, y: 0.9999999, z: 1}
  m_Children:
  - {fileID: 4394819760541051}
  m_Father: {fileID: 4860734615838238}
  m_RootOrder: 0
  m_LocalEulerAnglesHint: {x: -1.267678, y: -11.06349, z: 4.003549}
--- !u!1 &1331927147301309
GameObject:
  serializedVersion: 5
  m_Component:
  - component: {fileID: 4394819760541051}
  m_Layer: 0
  m_Name: Puppet_L_Forearm2
  m_TagString: Untagged
  m_Icon: {fileID: 0}
  m_NavMeshLayer: 0
  m_StaticEditorFlags: 0
  m_IsActive: 1
--- !u!4 &4394819760541051
Transform:
  m_GameObject: {fileID: 1331927147301309}
  m_LocalRotation: {x: -0.007003786, y: 0.05744566, z: -0.01322129, w: 0.9982365}
  m_LocalPosition: {x: -6.083809, y: -1.907349E-06, z: -1.907349E-06}
  m_LocalScale: {x: 0.9999999, y: 0.9999999, z: 1}
  m_Children:
  - {fileID: 4973308086442607}
  m_Father: {fileID: 4647698657816370}
  m_RootOrder: 0
  m_LocalEulerAnglesHint: {x: -0.8941091, y: -6.574989, z: 1.568995}
--- !u!1 &1150809151652105
GameObject:
  serializedVersion: 5
  m_Component:
  - component: {fileID: 4973308086442607}
  m_Layer: 0
  m_Name: Puppet_L_Hand
  m_TagString: Untagged
  m_Icon: {fileID: 0}
  m_NavMeshLayer: 0
  m_StaticEditorFlags: 0
  m_IsActive: 1
--- !u!4 &4973308086442607
Transform:
  m_GameObject: {fileID: 1150809151652105}
  m_LocalRotation: {x: 0.06703, y: 0.1484234, z: 0.1099915, w: 0.9804996}
  m_LocalPosition: {x: -6.369011, y: 0, z: -1.907349E-06}
  m_LocalScale: {x: 1, y: 1, z: 1}
  m_Children:
  - {fileID: 4838874510637621}
  m_Father: {fileID: 4394819760541051}
  m_RootOrder: 0
  m_LocalEulerAnglesHint: {x: 9.831069, y: -16.04025, z: -14.18978}
--- !u!1 &1104935780674364
GameObject:
  serializedVersion: 5
  m_Component:
  - component: {fileID: 4838874510637621}
  m_Layer: 0
  m_Name: Puppet_DonutGoon_CardsHand
  m_TagString: Untagged
  m_Icon: {fileID: 0}
  m_NavMeshLayer: 0
  m_StaticEditorFlags: 0
  m_IsActive: 1
--- !u!4 &4838874510637621
Transform:
  m_GameObject: {fileID: 1104935780674364}
  m_LocalRotation: {x: -0.3010412, y: 0.6441996, z: 0.6335775, w: 0.3048944}
  m_LocalPosition: {x: -5.381207, y: -0.3909643, z: 2.509291}
  m_LocalScale: {x: 0.9999999, y: 1, z: 1.000001}
  m_Children: []
  m_Father: {fileID: 4973308086442607}
  m_RootOrder: 0
  m_LocalEulerAnglesHint: {x: 91.01752, y: -50.74086, z: 179.863}
--- !u!1 &1542100493160981
GameObject:
  serializedVersion: 5
  m_Component:
  - component: {fileID: 4396449575401689}
  m_Layer: 0
  m_Name: Puppet_R_UpperArm
  m_TagString: Untagged
  m_Icon: {fileID: 0}
  m_NavMeshLayer: 0
  m_StaticEditorFlags: 0
  m_IsActive: 1
--- !u!4 &4396449575401689
Transform:
  m_GameObject: {fileID: 1542100493160981}
  m_LocalRotation: {x: 0.329768, y: 0.1214396, z: 0.9347873, w: 0.05175065}
  m_LocalPosition: {x: -6.524811, y: -4.29017, z: -20.49961}
  m_LocalScale: {x: 1, y: 1, z: 1}
  m_Children:
  - {fileID: 4867840456566730}
  - {fileID: 4450767684839798}
  m_Father: {fileID: 4343879471663083}
  m_RootOrder: 2
  m_LocalEulerAnglesHint: {x: 19.12842, y: 37.1538, z: -167.1803}
--- !u!1 &1532675766563723
GameObject:
  serializedVersion: 5
  m_Component:
  - component: {fileID: 4867840456566730}
  m_Layer: 0
  m_Name: Puppet_R_ShoulderPad
  m_TagString: Untagged
  m_Icon: {fileID: 0}
  m_NavMeshLayer: 0
  m_StaticEditorFlags: 0
  m_IsActive: 1
--- !u!4 &4867840456566730
Transform:
  m_GameObject: {fileID: 1532675766563723}
  m_LocalRotation: {x: -0.06131349, y: -0.006989831, z: 0.05647982, w: 0.9964948}
  m_LocalPosition: {x: -0.7892342, y: 0.1664212, z: -0.01667404}
  m_LocalScale: {x: 0.9999995, y: 0.9999998, z: 0.9999998}
  m_Children: []
  m_Father: {fileID: 4396449575401689}
  m_RootOrder: 0
  m_LocalEulerAnglesHint: {x: -7.06468, y: 0.4013437, z: -6.51271}
--- !u!1 &1195273841041542
GameObject:
  serializedVersion: 5
  m_Component:
  - component: {fileID: 4450767684839798}
  m_Layer: 0
  m_Name: Puppet_R_UpperArm1
  m_TagString: Untagged
  m_Icon: {fileID: 0}
  m_NavMeshLayer: 0
  m_StaticEditorFlags: 0
  m_IsActive: 1
--- !u!4 &4450767684839798
Transform:
  m_GameObject: {fileID: 1195273841041542}
  m_LocalRotation: {x: -0.005006278, y: 0.04282404, z: 0.009011067, w: 0.9990295}
  m_LocalPosition: {x: -6.815468, y: -1.430511E-06, z: 3.814697E-06}
  m_LocalScale: {x: 0.9999996, y: 0.9999999, z: 0.9999999}
  m_Children:
  - {fileID: 4436232798749061}
  m_Father: {fileID: 4396449575401689}
  m_RootOrder: 1
  m_LocalEulerAnglesHint: {x: -0.5308592, y: -4.913701, z: -1.01079}
--- !u!1 &1043033114852006
GameObject:
  serializedVersion: 5
  m_Component:
  - component: {fileID: 4436232798749061}
  m_Layer: 0
  m_Name: Puppet_R_UpperArm2
  m_TagString: Untagged
  m_Icon: {fileID: 0}
  m_NavMeshLayer: 0
  m_StaticEditorFlags: 0
  m_IsActive: 1
--- !u!4 &4436232798749061
Transform:
  m_GameObject: {fileID: 1043033114852006}
  m_LocalRotation: {x: -0.004725756, y: 0.1007622, z: 0.02223206, w: 0.9946509}
  m_LocalPosition: {x: -6.426819, y: -4.768372E-07, z: -3.814697E-06}
  m_LocalScale: {x: 1, y: 0.9999999, z: 1}
  m_Children:
  - {fileID: 4927895779862334}
  m_Father: {fileID: 4450767684839798}
  m_RootOrder: 0
  m_LocalEulerAnglesHint: {x: -0.2877868, y: -11.57535, z: -2.531711}
--- !u!1 &1667493621729875
GameObject:
  serializedVersion: 5
  m_Component:
  - component: {fileID: 4927895779862334}
  m_Layer: 0
  m_Name: Puppet_R_Forearm
  m_TagString: Untagged
  m_Icon: {fileID: 0}
  m_NavMeshLayer: 0
  m_StaticEditorFlags: 0
  m_IsActive: 1
--- !u!4 &4927895779862334
Transform:
  m_GameObject: {fileID: 1667493621729875}
  m_LocalRotation: {x: 0.0002949795, y: 0.1454314, z: 0.03663221, w: 0.9886899}
  m_LocalPosition: {x: -5.813766, y: 4.768372E-07, z: -3.814697E-06}
  m_LocalScale: {x: 1, y: 1, z: 0.9999999}
  m_Children:
  - {fileID: 4533464479181580}
  m_Father: {fileID: 4436232798749061}
  m_RootOrder: 0
  m_LocalEulerAnglesHint: {x: 0.672313, y: -16.71142, z: -4.34257}
--- !u!1 &1044395351509576
GameObject:
  serializedVersion: 5
  m_Component:
  - component: {fileID: 4533464479181580}
  m_Layer: 0
  m_Name: Puppet_R_Forearm1
  m_TagString: Untagged
  m_Icon: {fileID: 0}
  m_NavMeshLayer: 0
  m_StaticEditorFlags: 0
  m_IsActive: 1
--- !u!4 &4533464479181580
Transform:
  m_GameObject: {fileID: 1044395351509576}
  m_LocalRotation: {x: 0.00582491, y: 0.09446127, z: 0.02599724, w: 0.995172}
  m_LocalPosition: {x: -5.688957, y: 0, z: 0}
  m_LocalScale: {x: 1, y: 1, z: 1}
  m_Children:
  - {fileID: 4908260269435025}
  m_Father: {fileID: 4927895779862334}
  m_RootOrder: 0
  m_LocalEulerAnglesHint: {x: 0.9628279, y: -10.81903, z: -3.084014}
--- !u!1 &1519735491802509
GameObject:
  serializedVersion: 5
  m_Component:
  - component: {fileID: 4908260269435025}
  m_Layer: 0
  m_Name: Puppet_R_Forearm2
  m_TagString: Untagged
  m_Icon: {fileID: 0}
  m_NavMeshLayer: 0
  m_StaticEditorFlags: 0
  m_IsActive: 1
--- !u!4 &4908260269435025
Transform:
  m_GameObject: {fileID: 1519735491802509}
  m_LocalRotation: {x: 0.003945051, y: 0.05615419, z: 0.00746359, w: 0.9983864}
  m_LocalPosition: {x: -6.083115, y: 0, z: 1.907349E-06}
  m_LocalScale: {x: 0.9999999, y: 1, z: 0.9999999}
  m_Children:
  - {fileID: 4676895977886269}
  m_Father: {fileID: 4533464479181580}
  m_RootOrder: 0
  m_LocalEulerAnglesHint: {x: 0.5025389, y: -6.434556, z: -0.8848792}
--- !u!1 &1086128307168399
GameObject:
  serializedVersion: 5
  m_Component:
  - component: {fileID: 4676895977886269}
  m_Layer: 0
  m_Name: Puppet_R_Hand
  m_TagString: Untagged
  m_Icon: {fileID: 0}
  m_NavMeshLayer: 0
  m_StaticEditorFlags: 0
  m_IsActive: 1
--- !u!4 &4676895977886269
Transform:
  m_GameObject: {fileID: 1086128307168399}
  m_LocalRotation: {x: 0.9816203, y: -0.101214, z: -0.1502281, w: 0.06007483}
  m_LocalPosition: {x: -6.344337, y: 9.536743E-07, z: 0}
  m_LocalScale: {x: 1, y: 1, z: 0.9999999}
  m_Children:
  - {fileID: 4726309994974416}
  m_Father: {fileID: 4908260269435025}
  m_RootOrder: 0
  m_LocalEulerAnglesHint: {x: 171.1027, y: -16.42577, z: 13.06053}
--- !u!1 &1988781207255454
GameObject:
  serializedVersion: 5
  m_Component:
  - component: {fileID: 4726309994974416}
  m_Layer: 0
  m_Name: Puppet_CardPlay
  m_TagString: Untagged
  m_Icon: {fileID: 0}
  m_NavMeshLayer: 0
  m_StaticEditorFlags: 0
  m_IsActive: 1
--- !u!4 &4726309994974416
Transform:
  m_GameObject: {fileID: 1988781207255454}
  m_LocalRotation: {x: -0.301041, y: 0.6441998, z: -0.6335775, w: -0.3048942}
  m_LocalPosition: {x: -5.381203, y: -0.3909632, z: -2.509293}
  m_LocalScale: {x: 1, y: 0.9999998, z: 1}
  m_Children: []
  m_Father: {fileID: 4676895977886269}
  m_RootOrder: 0
  m_LocalEulerAnglesHint: {x: -91.01755, y: 50.74081, z: 179.863}
--- !u!1 &1608001965271132
GameObject:
  serializedVersion: 5
  m_Component:
  - component: {fileID: 4754892464635243}
  m_Layer: 0
  m_Name: Puppet_Root
  m_TagString: Untagged
  m_Icon: {fileID: 0}
  m_NavMeshLayer: 0
  m_StaticEditorFlags: 0
  m_IsActive: 1
--- !u!4 &4754892464635243
Transform:
  m_GameObject: {fileID: 1608001965271132}
  m_LocalRotation: {x: -0.7071067, y: -1.256074E-15, z: -1.256074E-15, w: 0.7071068}
  m_LocalPosition: {x: 0.04389076, y: 0, z: 0.01076241}
  m_LocalScale: {x: 1, y: 1, z: 1}
  m_Children: []
  m_Father: {fileID: 4656988522186871}
  m_RootOrder: 4
  m_LocalEulerAnglesHint: {x: -89.99999, y: 2.035555E-13, z: -1.12996E-29}
