%YAML 1.1
%TAG !u! tag:unity3d.com,2011:
--- !u!1001 &100100000
Prefab:
  serializedVersion: 2
  m_Modification:
    m_TransformParent: {fileID: 0}
    m_Modifications: []
    m_RemovedComponents: []
  m_ParentPrefab: {fileID: 0}
  m_RootGameObject: {fileID: 1013006649715365}
  m_IsPrefabParent: 1
--- !u!1 &1013006649715365
GameObject:
  serializedVersion: 5
  m_Component:
  - component: {fileID: 4693983288332879}
  - component: {fileID: 114353664174166637}
  - component: {fileID: 82195722961198671}
  m_Layer: 0
  m_Name: FlamePrincess
  m_TagString: Untagged
  m_Icon: {fileID: 0}
  m_NavMeshLayer: 0
  m_StaticEditorFlags: 0
  m_IsActive: 1
--- !u!4 &4693983288332879
Transform:
  m_GameObject: {fileID: 1013006649715365}
  m_LocalRotation: {x: 0, y: 0, z: 0, w: 1}
  m_LocalPosition: {x: 0, y: 0, z: 0}
  m_LocalScale: {x: 1, y: 1, z: 1}
  m_Children:
  - {fileID: 4875732430299415}
  m_Father: {fileID: 0}
  m_RootOrder: 0
  m_LocalEulerAnglesHint: {x: 0, y: 0, z: 0}
--- !u!114 &114353664174166637
MonoBehaviour:
  m_GameObject: {fileID: 1013006649715365}
  m_Enabled: 1
  m_EditorHideFlags: 0
  m_Script: {fileID: 11500000, guid: f1301ae4a7b966f4c9f56b5de9594888, type: 3}
  m_Name:
  m_EditorClassIdentifier:
  OpeningClips:
  - {fileID: 0}
  - {fileID: 0}
  - {fileID: 8300000, guid: 463f3c59f1e8ec14a99ef32c3be95317, type: 3}
  - {fileID: 8300000, guid: 025a6ba87da0bef40aac0bd541033c90, type: 3}
  WinClips:
  - {fileID: 0}
  - {fileID: 8300000, guid: 34c51609619d7ce499938485501b7559, type: 3}
  - {fileID: 0}
  - {fileID: 8300000, guid: 122b35da6c0581f4b8aec7e924c77776, type: 3}
  LoseClips:
  - {fileID: 8300000, guid: ec299e1617a30924c80acb72e9216c65, type: 3}
  - {fileID: 8300000, guid: 6bcdb0b5613847c44a65ddb1854d220e, type: 3}
  - {fileID: 0}
  - {fileID: 0}
  - {fileID: 0}
  DestroyCreatureClips:
  - {fileID: 8300000, guid: 86eb3aad206291c43930868574036cd2, type: 3}
  - {fileID: 0}
  - {fileID: 0}
  - {fileID: 0}
  - {fileID: 8300000, guid: bf0bce526a211eb428771fd585d4ea75, type: 3}
  PlayCreatureClips:
  - {fileID: 8300000, guid: a664dc41f3b670a42a28fe9755b7381f, type: 3}
  - {fileID: 8300000, guid: 95982e392b307dd48a9b4a3a22a66986, type: 3}
  - {fileID: 8300000, guid: 3664e2d0ad16c1342b36842723889061, type: 3}
  - {fileID: 0}
  - {fileID: 0}
  PlayBuildingClips:
  - {fileID: 8300000, guid: d2f70d7eee73f7c4e934354cca4a1a0c, type: 3}
  - {fileID: 8300000, guid: 0c5ba5e0070654c48a210558a70f9940, type: 3}
  - {fileID: 8300000, guid: 0fcfbcce4733e10478929039ecbb282b, type: 3}
  - {fileID: 0}
  - {fileID: 8300000, guid: ba140257bc9339440915c9ee2f46134d, type: 3}
  PlaySpellClips:
  - {fileID: 8300000, guid: 29b5673835bef744a9ab684f2e5a74b1, type: 3}
  - {fileID: 8300000, guid: 808d39e5230aaae4182ad95319059318, type: 3}
  - {fileID: 0}
  - {fileID: 0}
  - {fileID: 0}
  CreatureDestroyedClips:
  - {fileID: 8300000, guid: ca3dd0101107c4840bc9287d783c7d99, type: 3}
  - {fileID: 8300000, guid: bfd7a62df3c01f340a49cf374ff93732, type: 3}
  - {fileID: 8300000, guid: b492f1f4198ddaa4db21276f8e838143, type: 3}
  - {fileID: 8300000, guid: 9c1db7a75aa2fba4fbfd8ebe51b37bf2, type: 3}
  - {fileID: 8300000, guid: f3357a8f31213094fa7e7ae161e39f20, type: 3}
  BuildingDestroyedClips:
  - {fileID: 0}
  - {fileID: 0}
  - {fileID: 8300000, guid: b69bd561362213f4b867abbc59074d8f, type: 3}
  - {fileID: 8300000, guid: 220c10938ed2e8042868dacd87fa8591, type: 3}
  - {fileID: 8300000, guid: 05faff1a1aa608742b5645825cdd24cd, type: 3}
  FloopClips:
  - {fileID: 0}
  - {fileID: 0}
  - {fileID: 0}
  - {fileID: 8300000, guid: 229901dbe595ca645b0d68cc99f3e6b0, type: 3}
  - {fileID: 8300000, guid: aae41d9fd31538e45845778e4561b4c3, type: 3}
  HeroDamagedClips:
  - {fileID: 8300000, guid: efabf60a6d7c658469d6d10648dcc4e1, type: 3}
  - {fileID: 8300000, guid: 8aad9ff3263281b489e9f56c8eb3f42c, type: 3}
  - {fileID: 8300000, guid: 4cf03e84ab4a20f4798b4eeab023edc2, type: 3}
  - {fileID: 8300000, guid: 986bfdfda6478b140afad9284c9da4c1, type: 3}
  - {fileID: 8300000, guid: 007803f300647f042a1143993694fc8a, type: 3}
  LeaderAbilityClips:
  - {fileID: 8300000, guid: 229901dbe595ca645b0d68cc99f3e6b0, type: 3}
--- !u!82 &82195722961198671
AudioSource:
  m_GameObject: {fileID: 1013006649715365}
  m_Enabled: 1
  serializedVersion: 4
  OutputAudioMixerGroup: {fileID: 0}
  m_audioClip: {fileID: 0}
  m_PlayOnAwake: 1
  m_Volume: 1
  m_Pitch: 1
  Loop: 0
  Mute: 0
  Spatialize: 0
  SpatializePostEffects: 0
  Priority: 128
  DopplerLevel: 1
  MinDistance: 1
  MaxDistance: 500
  Pan2D: 0
  rolloffMode: 0
  BypassEffects: 0
  BypassListenerEffects: 0
  BypassReverbZones: 0
  rolloffCustomCurve:
    serializedVersion: 2
    m_Curve:
    - serializedVersion: 2
      time: 0
      value: 1
      inSlope: 0
      outSlope: 0
      tangentMode: 0
    - serializedVersion: 2
      time: 1
      value: 0
      inSlope: 0
      outSlope: 0
      tangentMode: 0
    m_PreInfinity: 2
    m_PostInfinity: 2
    m_RotationOrder: 0
  panLevelCustomCurve:
    serializedVersion: 2
    m_Curve:
    - serializedVersion: 2
      time: 0
      value: 0
      inSlope: 0
      outSlope: 0
      tangentMode: 0
    m_PreInfinity: 2
    m_PostInfinity: 2
    m_RotationOrder: 0
  spreadCustomCurve:
    serializedVersion: 2
    m_Curve:
    - serializedVersion: 2
      time: 0
      value: 0
      inSlope: 0
      outSlope: 0
      tangentMode: 0
    m_PreInfinity: 2
    m_PostInfinity: 2
    m_RotationOrder: 0
  reverbZoneMixCustomCurve:
    serializedVersion: 2
    m_Curve:
    - serializedVersion: 2
      time: 0
      value: 1
      inSlope: 0
      outSlope: 0
      tangentMode: 0
    m_PreInfinity: 2
    m_PostInfinity: 2
    m_RotationOrder: 0
--- !u!1 &1131595248688028
GameObject:
  serializedVersion: 5
  m_Component:
  - component: {fileID: 4875732430299415}
  - component: {fileID: 111473677634559216}
  m_Layer: 0
  m_Name: FlamePrincessCharacter
  m_TagString: Untagged
  m_Icon: {fileID: 0}
  m_NavMeshLayer: 0
  m_StaticEditorFlags: 0
  m_IsActive: 1
--- !u!4 &4875732430299415
Transform:
  m_GameObject: {fileID: 1131595248688028}
  m_LocalRotation: {x: 0, y: 0, z: 0, w: 1}
  m_LocalPosition: {x: 0, y: 0, z: 0}
  m_LocalScale: {x: 1, y: 1, z: 1}
  m_Children:
  - {fileID: 4248981619499283}
  - {fileID: 4906776180190703}
  - {fileID: 4763037172460801}
  - {fileID: 4688764547145922}
  - {fileID: 4825121203602303}
  m_Father: {fileID: 4693983288332879}
  m_RootOrder: 0
  m_LocalEulerAnglesHint: {x: 0, y: 0, z: 0}
--- !u!111 &111473677634559216
Animation:
  m_GameObject: {fileID: 1131595248688028}
  m_Enabled: 1
  serializedVersion: 3
  m_Animation: {fileID: 0}
  m_Animations:
  - {fileID: 7400000, guid: 1b2f2a522a667ca4abf359e105e9c757, type: 2}
  - {fileID: 7400000, guid: a9d9de1bff24d0d42bc88bd63c0d6395, type: 2}
  - {fileID: 7400000, guid: d854220567da60c428ad350d0c9e8bdc, type: 2}
  - {fileID: 7400000, guid: 263e269bc92c5e04e84d30abc85b0058, type: 2}
  - {fileID: 7400000, guid: bf45c8f4a8f5fd84998040b265f66b70, type: 2}
  - {fileID: 7400000, guid: 8f37cff2cf567174393a60b01cb0084a, type: 2}
  - {fileID: 7400000, guid: 7355972eb1bb43e42bd1e4e6369e3108, type: 2}
  - {fileID: 7400000, guid: 3c59ace5b61a2a64c89e9b09188f6f2b, type: 2}
  - {fileID: 7400000, guid: 345e1e4ed51dabd42bafd6152f53c324, type: 2}
  - {fileID: 7400000, guid: 533351d1bfb833d43a16b8f492eb4a6c, type: 2}
  - {fileID: 7400000, guid: d53e74aeaf4a8f04a92384295b96e246, type: 2}
  - {fileID: 7400000, guid: 86005d78643cf9749b6120465cc01e5b, type: 2}
  - {fileID: 7400000, guid: f216f68f704a7d34995d0514be356a45, type: 2}
  m_WrapMode: 0
  m_PlayAutomatically: 1
  m_AnimatePhysics: 0
  m_CullingType: 1
--- !u!1 &1998427079387971
GameObject:
  serializedVersion: 5
  m_Component:
  - component: {fileID: 4248981619499283}
  - component: {fileID: 137064143681668294}
  m_Layer: 0
  m_Name: FlamePrincess
  m_TagString: Untagged
  m_Icon: {fileID: 0}
  m_NavMeshLayer: 0
  m_StaticEditorFlags: 0
  m_IsActive: 1
--- !u!4 &4248981619499283
Transform:
  m_GameObject: {fileID: 1998427079387971}
  m_LocalRotation: {x: -0.7071068, y: 0, z: 0, w: 0.7071068}
  m_LocalPosition: {x: 0, y: 0, z: 0}
  m_LocalScale: {x: 1, y: 1, z: 1}
  m_Children: []
  m_Father: {fileID: 4875732430299415}
  m_RootOrder: 0
  m_LocalEulerAnglesHint: {x: -90, y: 0, z: 0}
--- !u!137 &137064143681668294
SkinnedMeshRenderer:
  m_GameObject: {fileID: 1998427079387971}
  m_Enabled: 1
  m_CastShadows: 1
  m_ReceiveShadows: 1
  m_DynamicOccludee: 1
  m_MotionVectors: 1
  m_LightProbeUsage: 0
  m_ReflectionProbeUsage: 1
  m_Materials:
  - {fileID: 2100000, guid: 576d3437931945c418f4e48e7d292dc5, type: 2}
  m_StaticBatchInfo:
    firstSubMesh: 0
    subMeshCount: 0
  m_StaticBatchRoot: {fileID: 0}
  m_ProbeAnchor: {fileID: 0}
  m_LightProbeVolumeOverride: {fileID: 0}
  m_ScaleInLightmap: 1
  m_PreserveUVs: 0
  m_IgnoreNormalsForChartDetection: 0
  m_ImportantGI: 0
  m_StitchLightmapSeams: 0
  m_SelectedEditorRenderState: 3
  m_MinimumChartSize: 4
  m_AutoUVMaxDistance: 0.5
  m_AutoUVMaxAngle: 89
  m_LightmapParameters: {fileID: 0}
  m_SortingLayerID: 0
  m_SortingLayer: 0
  m_SortingOrder: 0
  serializedVersion: 2
  m_Quality: 0
  m_UpdateWhenOffscreen: 0
  m_skinnedMotionVectors: 0
  m_Mesh: {fileID: 4300000, guid: 2bd6ae0c1d54d4a48b1c62ccd5a3cb8b, type: 2}
  m_Bones:
  - {fileID: 4318772045828915}
  - {fileID: 4172166886088511}
  - {fileID: 4545339395363630}
  - {fileID: 4945526523327630}
  - {fileID: 4549489991343324}
  - {fileID: 4688764547145922}
  - {fileID: 4860810134199764}
  - {fileID: 4979677339713579}
  - {fileID: 4017001981382421}
  - {fileID: 4219268463066217}
  - {fileID: 4266979366902401}
  - {fileID: 4601639340610677}
  - {fileID: 4843171983770274}
  - {fileID: 4750716652259365}
  - {fileID: 4073542464297819}
  - {fileID: 4633659420848746}
  - {fileID: 4634035900150927}
  - {fileID: 4940256989116969}
  - {fileID: 4622852783008767}
  - {fileID: 4561539168549903}
  - {fileID: 4277457842575034}
  - {fileID: 4617134019880791}
  - {fileID: 4457611743403323}
  - {fileID: 4849996160271673}
  - {fileID: 4011494080068017}
  - {fileID: 4887105158741328}
  - {fileID: 4262888979872949}
  m_BlendShapeWeights: []
  m_RootBone: {fileID: 4688764547145922}
  m_AABB:
    m_Center: {x: -9.345207, y: 2.49728, z: -0.001558304}
    m_Extent: {x: 41.41398, y: 18.15865, z: 19.24943}
  m_DirtyAABB: 0
--- !u!1 &1629996728721846
GameObject:
  serializedVersion: 5
  m_Component:
  - component: {fileID: 4906776180190703}
  - component: {fileID: 137921828420177943}
  m_Layer: 0
  m_Name: FlamePrincess_Outline
  m_TagString: Untagged
  m_Icon: {fileID: 0}
  m_NavMeshLayer: 0
  m_StaticEditorFlags: 0
  m_IsActive: 1
--- !u!4 &4906776180190703
Transform:
  m_GameObject: {fileID: 1629996728721846}
  m_LocalRotation: {x: -0.7071068, y: 0, z: 0, w: 0.7071068}
  m_LocalPosition: {x: 0, y: 0, z: 0}
  m_LocalScale: {x: 1, y: 1, z: 1}
  m_Children: []
  m_Father: {fileID: 4875732430299415}
  m_RootOrder: 1
  m_LocalEulerAnglesHint: {x: -90, y: 0, z: 0}
--- !u!137 &137921828420177943
SkinnedMeshRenderer:
  m_GameObject: {fileID: 1629996728721846}
  m_Enabled: 1
  m_CastShadows: 1
  m_ReceiveShadows: 1
  m_DynamicOccludee: 1
  m_MotionVectors: 1
  m_LightProbeUsage: 0
  m_ReflectionProbeUsage: 1
  m_Materials:
  - {fileID: 2100000, guid: 576d3437931945c418f4e48e7d292dc5, type: 2}
  m_StaticBatchInfo:
    firstSubMesh: 0
    subMeshCount: 0
  m_StaticBatchRoot: {fileID: 0}
  m_ProbeAnchor: {fileID: 0}
  m_LightProbeVolumeOverride: {fileID: 0}
  m_ScaleInLightmap: 1
  m_PreserveUVs: 0
  m_IgnoreNormalsForChartDetection: 0
  m_ImportantGI: 0
  m_StitchLightmapSeams: 0
  m_SelectedEditorRenderState: 3
  m_MinimumChartSize: 4
  m_AutoUVMaxDistance: 0.5
  m_AutoUVMaxAngle: 89
  m_LightmapParameters: {fileID: 0}
  m_SortingLayerID: 0
  m_SortingLayer: 0
  m_SortingOrder: 0
  serializedVersion: 2
  m_Quality: 0
  m_UpdateWhenOffscreen: 0
  m_skinnedMotionVectors: 0
  m_Mesh: {fileID: 4300000, guid: 4c8cbddbcb474b84783da44554c353d3, type: 2}
  m_Bones:
  - {fileID: 4318772045828915}
  - {fileID: 4172166886088511}
  - {fileID: 4545339395363630}
  - {fileID: 4945526523327630}
  - {fileID: 4549489991343324}
  - {fileID: 4688764547145922}
  - {fileID: 4860810134199764}
  - {fileID: 4979677339713579}
  - {fileID: 4017001981382421}
  - {fileID: 4219268463066217}
  - {fileID: 4266979366902401}
  - {fileID: 4601639340610677}
  - {fileID: 4843171983770274}
  - {fileID: 4750716652259365}
  - {fileID: 4073542464297819}
  - {fileID: 4633659420848746}
  - {fileID: 4634035900150927}
  - {fileID: 4940256989116969}
  - {fileID: 4622852783008767}
  - {fileID: 4561539168549903}
  - {fileID: 4277457842575034}
  - {fileID: 4617134019880791}
  - {fileID: 4457611743403323}
  - {fileID: 4849996160271673}
  - {fileID: 4011494080068017}
  - {fileID: 4887105158741328}
  - {fileID: 4262888979872949}
  m_BlendShapeWeights: []
  m_RootBone: {fileID: 4688764547145922}
  m_AABB:
    m_Center: {x: -9.426567, y: 2.402927, z: -0.001562119}
    m_Extent: {x: 41.85777, y: 18.56052, z: 19.65082}
  m_DirtyAABB: 0
--- !u!1 &1917004034050203
GameObject:
  serializedVersion: 5
  m_Component:
  - component: {fileID: 4763037172460801}
  - component: {fileID: 137037251762555355}
  m_Layer: 0
  m_Name: M_MOUTH
  m_TagString: Untagged
  m_Icon: {fileID: 0}
  m_NavMeshLayer: 0
  m_StaticEditorFlags: 0
  m_IsActive: 1
--- !u!4 &4763037172460801
Transform:
  m_GameObject: {fileID: 1917004034050203}
  m_LocalRotation: {x: -0.7071068, y: 0, z: 0, w: 0.7071068}
  m_LocalPosition: {x: 0, y: 0, z: 0}
  m_LocalScale: {x: 1, y: 1, z: 1}
  m_Children: []
  m_Father: {fileID: 4875732430299415}
  m_RootOrder: 2
  m_LocalEulerAnglesHint: {x: -90, y: 0, z: 0}
--- !u!137 &137037251762555355
SkinnedMeshRenderer:
  m_GameObject: {fileID: 1917004034050203}
  m_Enabled: 1
  m_CastShadows: 1
  m_ReceiveShadows: 1
  m_DynamicOccludee: 1
  m_MotionVectors: 1
  m_LightProbeUsage: 0
  m_ReflectionProbeUsage: 1
  m_Materials:
  - {fileID: 2100000, guid: faac9c4a44d4b774e8056205b3b28932, type: 2}
  m_StaticBatchInfo:
    firstSubMesh: 0
    subMeshCount: 0
  m_StaticBatchRoot: {fileID: 0}
  m_ProbeAnchor: {fileID: 0}
  m_LightProbeVolumeOverride: {fileID: 0}
  m_ScaleInLightmap: 1
  m_PreserveUVs: 0
  m_IgnoreNormalsForChartDetection: 0
  m_ImportantGI: 0
  m_StitchLightmapSeams: 0
  m_SelectedEditorRenderState: 3
  m_MinimumChartSize: 4
  m_AutoUVMaxDistance: 0.5
  m_AutoUVMaxAngle: 89
  m_LightmapParameters: {fileID: 0}
  m_SortingLayerID: 0
  m_SortingLayer: 0
  m_SortingOrder: 0
  serializedVersion: 2
  m_Quality: 0
  m_UpdateWhenOffscreen: 0
  m_skinnedMotionVectors: 0
  m_Mesh: {fileID: 4300000, guid: 737aa1166210fb14db8a9a01cb374184, type: 2}
  m_Bones:
  - {fileID: 4172166886088511}
  - {fileID: 4979677339713579}
  - {fileID: 4860810134199764}
  - {fileID: 4266979366902401}
  - {fileID: 4219268463066217}
  m_BlendShapeWeights: []
  m_RootBone: {fileID: 4172166886088511}
  m_AABB:
    m_Center: {x: -6.675225, y: 3.91282, z: -0.04398775}
    m_Extent: {x: 4.074155, y: 2.116243, z: 4.869813}
  m_DirtyAABB: 0
--- !u!1 &1113448813965384
GameObject:
  serializedVersion: 5
  m_Component:
  - component: {fileID: 4688764547145922}
  m_Layer: 0
  m_Name: Puppet
  m_TagString: Untagged
  m_Icon: {fileID: 0}
  m_NavMeshLayer: 0
  m_StaticEditorFlags: 0
  m_IsActive: 1
--- !u!4 &4688764547145922
Transform:
  m_GameObject: {fileID: 1113448813965384}
  m_LocalRotation: {x: 0.4991273, y: -0.5008718, z: -0.4991267, w: 0.5008712}
  m_LocalPosition: {x: 0.04389355, y: 29.52881, z: -0.6923715}
  m_LocalScale: {x: 1, y: 1, z: 0.9999999}
  m_Children:
  - {fileID: 4617134019880791}
  - {fileID: 4457611743403323}
  - {fileID: 4277457842575034}
  - {fileID: 4633659420848746}
  - {fileID: 4549489991343324}
  m_Father: {fileID: 4875732430299415}
  m_RootOrder: 3
  m_LocalEulerAnglesHint: {x: 90.00007, y: 0.1998992, z: 90}
--- !u!1 &1837645022874778
GameObject:
  serializedVersion: 5
  m_Component:
  - component: {fileID: 4617134019880791}
  m_Layer: 0
  m_Name: Puppet_Flame01
  m_TagString: Untagged
  m_Icon: {fileID: 0}
  m_NavMeshLayer: 0
  m_StaticEditorFlags: 0
  m_IsActive: 1
--- !u!4 &4617134019880791
Transform:
  m_GameObject: {fileID: 1837645022874778}
  m_LocalRotation: {x: -0.002220139, y: 0.02827007, z: 0.07826049, w: 0.9965296}
  m_LocalPosition: {x: -27.05834, y: 0.4255123, z: 9.584579}
  m_LocalScale: {x: 0.9999998, y: 0.9999999, z: 1}
  m_Children: []
  m_Father: {fileID: 4688764547145922}
  m_RootOrder: 0
  m_LocalEulerAnglesHint: {x: -5.68246E-07, y: -3.249922, z: -8.98079}
--- !u!1 &1231473144744228
GameObject:
  serializedVersion: 5
  m_Component:
  - component: {fileID: 4457611743403323}
  m_Layer: 0
  m_Name: Puppet_Flame02
  m_TagString: Untagged
  m_Icon: {fileID: 0}
  m_NavMeshLayer: 0
  m_StaticEditorFlags: 0
  m_IsActive: 1
--- !u!4 &4457611743403323
Transform:
  m_GameObject: {fileID: 1231473144744228}
  m_LocalRotation: {x: 1.84537E-08, y: -4.551843E-08, z: -6.193297E-08, w: 1}
  m_LocalPosition: {x: -32.54988, y: 0.6050209, z: -8.774428}
  m_LocalScale: {x: 0.9999996, y: 0.9999996, z: 0.9999999}
  m_Children: []
  m_Father: {fileID: 4688764547145922}
  m_RootOrder: 1
  m_LocalEulerAnglesHint: {x: 2.114638E-06, y: 5.216027E-06, z: 7.096996E-06}
--- !u!1 &1577188267283980
GameObject:
  serializedVersion: 5
  m_Component:
  - component: {fileID: 4277457842575034}
  m_Layer: 0
  m_Name: Puppet_Flame03
  m_TagString: Untagged
  m_Icon: {fileID: 0}
  m_NavMeshLayer: 0
  m_StaticEditorFlags: 0
  m_IsActive: 1
--- !u!4 &4277457842575034
Transform:
  m_GameObject: {fileID: 1577188267283980}
  m_LocalRotation: {x: 1.133687E-08, y: -1.107194E-08, z: -0.05768299, w: 0.9983349}
  m_LocalPosition: {x: -43.78203, y: 0.6208713, z: -5.897925}
  m_LocalScale: {x: 0.9999999, y: 0.9999999, z: 1}
  m_Children: []
  m_Father: {fileID: 4688764547145922}
  m_RootOrder: 2
  m_LocalEulerAnglesHint: {x: 1.370132E-06, y: 1.191702E-06, z: 6.613656}
--- !u!1 &1787440845103994
GameObject:
  serializedVersion: 5
  m_Component:
  - component: {fileID: 4633659420848746}
  m_Layer: 0
  m_Name: Puppet_L_Thigh
  m_TagString: Untagged
  m_Icon: {fileID: 0}
  m_NavMeshLayer: 0
  m_StaticEditorFlags: 0
  m_IsActive: 1
--- !u!4 &4633659420848746
Transform:
  m_GameObject: {fileID: 1787440845103994}
  m_LocalRotation: {x: -0.003409483, y: 0.9999838, z: 0.004570141, w: 2.621853E-05}
  m_LocalPosition: {x: 0.999361, y: -0.1873248, z: 0.04389358}
  m_LocalScale: {x: 0.9999998, y: 0.9999996, z: 1}
  m_Children:
  - {fileID: 4073542464297819}
  m_Father: {fileID: 4688764547145922}
  m_RootOrder: 3
  m_LocalEulerAnglesHint: {x: 179.4763, y: -0.004789917, z: 179.6093}
--- !u!1 &1405240521542468
GameObject:
  serializedVersion: 5
  m_Component:
  - component: {fileID: 4073542464297819}
  m_Layer: 0
  m_Name: Puppet_L_Calf
  m_TagString: Untagged
  m_Icon: {fileID: 0}
  m_NavMeshLayer: 0
  m_StaticEditorFlags: 0
  m_IsActive: 1
--- !u!4 &4073542464297819
Transform:
  m_GameObject: {fileID: 1405240521542468}
  m_LocalRotation: {x: 0.006716458, y: -0.0007211663, z: 0.07398295, w: 0.9972367}
  m_LocalPosition: {x: -12.6053, y: 1.060963E-05, z: 2.693851E-06}
  m_LocalScale: {x: 1, y: 1, z: 1}
  m_Children:
  - {fileID: 4750716652259365}
  m_Father: {fileID: 4633659420848746}
  m_RootOrder: 0
  m_LocalEulerAnglesHint: {x: 0.7614333, y: 0.1393523, z: -8.484841}
--- !u!1 &1343349588238231
GameObject:
  serializedVersion: 5
  m_Component:
  - component: {fileID: 4750716652259365}
  m_Layer: 0
  m_Name: Puppet_L_Foot
  m_TagString: Untagged
  m_Icon: {fileID: 0}
  m_NavMeshLayer: 0
  m_StaticEditorFlags: 0
  m_IsActive: 1
--- !u!4 &4750716652259365
Transform:
  m_GameObject: {fileID: 1343349588238231}
  m_LocalRotation: {x: -0.001634659, y: -0.0007260012, z: -0.6897613, w: 0.7240347}
  m_LocalPosition: {x: -13.08889, y: 6.914139E-06, z: 4.507601E-07}
  m_LocalScale: {x: 1.000001, y: 0.9999997, z: 1.000001}
  m_Children: []
  m_Father: {fileID: 4073542464297819}
  m_RootOrder: 0
  m_LocalEulerAnglesHint: {x: -0.07824153, y: 0.1894402, z: 87.22247}
--- !u!1 &1092518410592687
GameObject:
  serializedVersion: 5
  m_Component:
  - component: {fileID: 4549489991343324}
  m_Layer: 0
  m_Name: Puppet_Spine
  m_TagString: Untagged
  m_Icon: {fileID: 0}
  m_NavMeshLayer: 0
  m_StaticEditorFlags: 0
  m_IsActive: 1
--- !u!4 &4549489991343324
Transform:
  m_GameObject: {fileID: 1092518410592687}
  m_LocalRotation: {x: 5.075644E-09, y: -8.896743E-08, z: -0.003752879, w: 0.999993}
  m_LocalPosition: {x: -4.708639, y: 0.4152901, z: -3.20375E-07}
  m_LocalScale: {x: 0.9999999, y: 0.9999999, z: 1}
  m_Children:
  - {fileID: 4545339395363630}
  m_Father: {fileID: 4688764547145922}
  m_RootOrder: 4
  m_LocalEulerAnglesHint: {x: 6.198822E-07, y: 1.019266E-05, z: 0.4300492}
--- !u!1 &1013630551334230
GameObject:
  serializedVersion: 5
  m_Component:
  - component: {fileID: 4545339395363630}
  m_Layer: 0
  m_Name: Puppet_Spine1
  m_TagString: Untagged
  m_Icon: {fileID: 0}
  m_NavMeshLayer: 0
  m_StaticEditorFlags: 0
  m_IsActive: 1
--- !u!4 &4545339395363630
Transform:
  m_GameObject: {fileID: 1013630551334230}
  m_LocalRotation: {x: -0.0003229638, y: -1.132798E-06, z: 0.003570126, w: 0.9999936}
  m_LocalPosition: {x: -4.128891, y: -1.192093E-07, z: 4.842877E-07}
  m_LocalScale: {x: 1, y: 0.9999999, z: 1}
  m_Children:
  - {fileID: 4172166886088511}
  - {fileID: 4843171983770274}
  - {fileID: 4945526523327630}
  m_Father: {fileID: 4549489991343324}
  m_RootOrder: 0
  m_LocalEulerAnglesHint: {x: -0.03700916, y: -2.31825E-06, z: -0.4091072}
--- !u!1 &1782096277437574
GameObject:
  serializedVersion: 5
  m_Component:
  - component: {fileID: 4172166886088511}
  m_Layer: 0
  m_Name: Puppet_Head
  m_TagString: Untagged
  m_Icon: {fileID: 0}
  m_NavMeshLayer: 0
  m_StaticEditorFlags: 0
  m_IsActive: 1
--- !u!4 &4172166886088511
Transform:
  m_GameObject: {fileID: 1782096277437574}
  m_LocalRotation: {x: -2.569381E-09, y: 1.545004E-10, z: 2.561136E-09, w: 1}
  m_LocalPosition: {x: -6.770439, y: -0.4355678, z: -0.0003111176}
  m_LocalScale: {x: 1, y: 1, z: 1}
  m_Children:
  - {fileID: 4318772045828915}
  - {fileID: 4219268463066217}
  - {fileID: 4860810134199764}
  m_Father: {fileID: 4545339395363630}
  m_RootOrder: 0
  m_LocalEulerAnglesHint: {x: -2.944294E-07, y: -1.770444E-08, z: -2.934846E-07}
--- !u!1 &1187176336137525
GameObject:
  serializedVersion: 5
  m_Component:
  - component: {fileID: 4318772045828915}
  m_Layer: 0
  m_Name: Puppet_Hair01
  m_TagString: Untagged
  m_Icon: {fileID: 0}
  m_NavMeshLayer: 0
  m_StaticEditorFlags: 0
  m_IsActive: 1
--- !u!4 &4318772045828915
Transform:
  m_GameObject: {fileID: 1187176336137525}
  m_LocalRotation: {x: -0.01896454, y: -0.04082191, z: 0.4203595, w: 0.9062405}
  m_LocalPosition: {x: -8.71069, y: -0.04173452, z: -2.712011E-05}
  m_LocalScale: {x: 0.9999998, y: 0.9999999, z: 1}
  m_Children:
  - {fileID: 4634035900150927}
  m_Father: {fileID: 4172166886088511}
  m_RootOrder: 0
  m_LocalEulerAnglesHint: {x: -3.945562, y: 3.327609, z: -49.88309}
--- !u!1 &1783397716015444
GameObject:
  serializedVersion: 5
  m_Component:
  - component: {fileID: 4634035900150927}
  m_Layer: 0
  m_Name: Puppet_Hair02
  m_TagString: Untagged
  m_Icon: {fileID: 0}
  m_NavMeshLayer: 0
  m_StaticEditorFlags: 0
  m_IsActive: 1
--- !u!4 &4634035900150927
Transform:
  m_GameObject: {fileID: 1783397716015444}
  m_LocalRotation: {x: -3.791136E-08, y: 0.0001091007, z: -0.1688995, w: 0.9856333}
  m_LocalPosition: {x: -5.477547, y: -3.814697E-06, z: 1.907349E-06}
  m_LocalScale: {x: 0.9999995, y: 0.9999997, z: 1}
  m_Children:
  - {fileID: 4940256989116969}
  m_Father: {fileID: 4318772045828915}
  m_RootOrder: 0
  m_LocalEulerAnglesHint: {x: -0.002115865, y: -0.01232167, z: 19.44768}
--- !u!1 &1416912857097477
GameObject:
  serializedVersion: 5
  m_Component:
  - component: {fileID: 4940256989116969}
  m_Layer: 0
  m_Name: Puppet_Hair03
  m_TagString: Untagged
  m_Icon: {fileID: 0}
  m_NavMeshLayer: 0
  m_StaticEditorFlags: 0
  m_IsActive: 1
--- !u!4 &4940256989116969
Transform:
  m_GameObject: {fileID: 1416912857097477}
  m_LocalRotation: {x: 0.02045054, y: 0.08001993, z: -0.2769133, w: 0.9573389}
  m_LocalPosition: {x: -6.466003, y: 0, z: 0}
  m_LocalScale: {x: 1, y: 1, z: 1}
  m_Children:
  - {fileID: 4622852783008767}
  m_Father: {fileID: 4634035900150927}
  m_RootOrder: 0
  m_LocalEulerAnglesHint: {x: -0.2997897, y: -9.470421, z: 32.2902}
--- !u!1 &1503578853395243
GameObject:
  serializedVersion: 5
  m_Component:
  - component: {fileID: 4622852783008767}
  m_Layer: 0
  m_Name: Puppet_Hair04
  m_TagString: Untagged
  m_Icon: {fileID: 0}
  m_NavMeshLayer: 0
  m_StaticEditorFlags: 0
  m_IsActive: 1
--- !u!4 &4622852783008767
Transform:
  m_GameObject: {fileID: 1503578853395243}
  m_LocalRotation: {x: 0.03821795, y: 0.2116411, z: -0.1448854, w: 0.9657928}
  m_LocalPosition: {x: -6.466, y: 0, z: 0}
  m_LocalScale: {x: 0.9999996, y: 0.9999995, z: 0.9999999}
  m_Children:
  - {fileID: 4561539168549903}
  m_Father: {fileID: 4940256989116969}
  m_RootOrder: 0
  m_LocalEulerAnglesHint: {x: 0.7887619, y: -24.82685, z: 16.88983}
--- !u!1 &1166506082668387
GameObject:
  serializedVersion: 5
  m_Component:
  - component: {fileID: 4561539168549903}
  m_Layer: 0
  m_Name: Puppet_Hair05
  m_TagString: Untagged
  m_Icon: {fileID: 0}
  m_NavMeshLayer: 0
  m_StaticEditorFlags: 0
  m_IsActive: 1
--- !u!4 &4561539168549903
Transform:
  m_GameObject: {fileID: 1166506082668387}
  m_LocalRotation: {x: 0.005741037, y: -0.07768533, z: 0.07347813, w: 0.99425}
  m_LocalPosition: {x: -5.399029, y: 0, z: 0}
  m_LocalScale: {x: 1, y: 1, z: 0.9999999}
  m_Children: []
  m_Father: {fileID: 4622852783008767}
  m_RootOrder: 0
  m_LocalEulerAnglesHint: {x: -1.696379E-05, y: 8.93541, z: -8.453302}
--- !u!1 &1132354544010278
GameObject:
  serializedVersion: 5
  m_Component:
  - component: {fileID: 4219268463066217}
  m_Layer: 0
  m_Name: Puppet_HairBangL_01
  m_TagString: Untagged
  m_Icon: {fileID: 0}
  m_NavMeshLayer: 0
  m_StaticEditorFlags: 0
  m_IsActive: 1
--- !u!4 &4219268463066217
Transform:
  m_GameObject: {fileID: 1132354544010278}
  m_LocalRotation: {x: -0.09321368, y: -0.01166109, z: 0.9955097, w: -0.01164449}
  m_LocalPosition: {x: -12.24487, y: 5.40054, z: 4.220065}
  m_LocalScale: {x: 0.9999998, y: 0.9999999, z: 1}
  m_Children:
  - {fileID: 4266979366902401}
  m_Father: {fileID: 4172166886088511}
  m_RootOrder: 1
  m_LocalEulerAnglesHint: {x: -1.227359, y: -10.71138, z: 178.7747}
--- !u!1 &1228996781284329
GameObject:
  serializedVersion: 5
  m_Component:
  - component: {fileID: 4266979366902401}
  m_Layer: 0
  m_Name: Puppet_HairBangL_02
  m_TagString: Untagged
  m_Icon: {fileID: 0}
  m_NavMeshLayer: 0
  m_StaticEditorFlags: 0
  m_IsActive: 1
--- !u!4 &4266979366902401
Transform:
  m_GameObject: {fileID: 1228996781284329}
  m_LocalRotation: {x: -0.02004729, y: -0.2488885, z: 0.09429068, w: 0.9637229}
  m_LocalPosition: {x: -7.626129, y: 0, z: -1.907349E-06}
  m_LocalScale: {x: 0.9999995, y: 0.9999998, z: 0.9999999}
  m_Children:
  - {fileID: 4601639340610677}
  m_Father: {fileID: 4219268463066217}
  m_RootOrder: 0
  m_LocalEulerAnglesHint: {x: -5.58388, y: 28.42048, z: -12.59112}
--- !u!1 &1851713016512992
GameObject:
  serializedVersion: 5
  m_Component:
  - component: {fileID: 4601639340610677}
  m_Layer: 0
  m_Name: Puppet_HairBangL_03
  m_TagString: Untagged
  m_Icon: {fileID: 0}
  m_NavMeshLayer: 0
  m_StaticEditorFlags: 0
  m_IsActive: 1
--- !u!4 &4601639340610677
Transform:
  m_GameObject: {fileID: 1851713016512992}
  m_LocalRotation: {x: 0.05187234, y: 0.2636907, z: 0.2353785, w: 0.9340094}
  m_LocalPosition: {x: -4.387001, y: -9.536743E-07, z: -1.907349E-06}
  m_LocalScale: {x: 1, y: 1.000001, z: 1}
  m_Children: []
  m_Father: {fileID: 4266979366902401}
  m_RootOrder: 0
  m_LocalEulerAnglesHint: {x: 14.48567, y: -27.91492, z: -31.90739}
--- !u!1 &1155986125205456
GameObject:
  serializedVersion: 5
  m_Component:
  - component: {fileID: 4860810134199764}
  m_Layer: 0
  m_Name: Puppet_HairBangR_01
  m_TagString: Untagged
  m_Icon: {fileID: 0}
  m_NavMeshLayer: 0
  m_StaticEditorFlags: 0
  m_IsActive: 1
--- !u!4 &4860810134199764
Transform:
  m_GameObject: {fileID: 1155986125205456}
  m_LocalRotation: {x: 0.09321375, y: 0.0116611, z: 0.9955097, w: -0.01164443}
  m_LocalPosition: {x: -12.24487, y: 5.40054, z: -4.220062}
  m_LocalScale: {x: 0.9999996, y: 0.9999996, z: 0.9999999}
  m_Children:
  - {fileID: 4979677339713579}
  m_Father: {fileID: 4172166886088511}
  m_RootOrder: 2
  m_LocalEulerAnglesHint: {x: 1.227361, y: 10.71139, z: 178.7747}
--- !u!1 &1975165024705524
GameObject:
  serializedVersion: 5
  m_Component:
  - component: {fileID: 4979677339713579}
  m_Layer: 0
  m_Name: Puppet_HairBangR_02
  m_TagString: Untagged
  m_Icon: {fileID: 0}
  m_NavMeshLayer: 0
  m_StaticEditorFlags: 0
  m_IsActive: 1
--- !u!4 &4979677339713579
Transform:
  m_GameObject: {fileID: 1975165024705524}
  m_LocalRotation: {x: 0.0200472, y: 0.2488884, z: 0.09429075, w: 0.9637229}
  m_LocalPosition: {x: -7.626133, y: -9.536743E-07, z: 1.907349E-06}
  m_LocalScale: {x: 0.9999998, y: 1, z: 1}
  m_Children:
  - {fileID: 4017001981382421}
  m_Father: {fileID: 4860810134199764}
  m_RootOrder: 0
  m_LocalEulerAnglesHint: {x: 5.583869, y: -28.42047, z: -12.59112}
--- !u!1 &1706894770304811
GameObject:
  serializedVersion: 5
  m_Component:
  - component: {fileID: 4017001981382421}
  m_Layer: 0
  m_Name: Puppet_HairBangR_03
  m_TagString: Untagged
  m_Icon: {fileID: 0}
  m_NavMeshLayer: 0
  m_StaticEditorFlags: 0
  m_IsActive: 1
--- !u!4 &4017001981382421
Transform:
  m_GameObject: {fileID: 1706894770304811}
  m_LocalRotation: {x: -0.05187228, y: -0.2636907, z: 0.2353786, w: 0.9340094}
  m_LocalPosition: {x: -4.387001, y: -9.536743E-07, z: -1.907349E-06}
  m_LocalScale: {x: 1, y: 1.000001, z: 1}
  m_Children: []
  m_Father: {fileID: 4979677339713579}
  m_RootOrder: 0
  m_LocalEulerAnglesHint: {x: -14.48566, y: 27.91492, z: -31.90739}
--- !u!1 &1058831047657613
GameObject:
  serializedVersion: 5
  m_Component:
  - component: {fileID: 4843171983770274}
  m_Layer: 0
  m_Name: Puppet_L_UpperArm
  m_TagString: Untagged
  m_Icon: {fileID: 0}
  m_NavMeshLayer: 0
  m_StaticEditorFlags: 0
  m_IsActive: 1
--- !u!4 &4843171983770274
Transform:
  m_GameObject: {fileID: 1058831047657613}
  m_LocalRotation: {x: 0.6515617, y: -0.6303923, z: -0.3030144, w: -0.2936924}
  m_LocalPosition: {x: -3.499374, y: -0.9164456, z: 5.129089}
  m_LocalScale: {x: 1, y: 1, z: 1}
  m_Children:
  - {fileID: 4849996160271673}
  m_Father: {fileID: 4545339395363630}
  m_RootOrder: 1
  m_LocalEulerAnglesHint: {x: -179.9393, y: -49.92015, z: 88.07964}
--- !u!1 &1034400658788451
GameObject:
  serializedVersion: 5
  m_Component:
  - component: {fileID: 4849996160271673}
  m_Layer: 0
  m_Name: Puppet_L_Forearm
  m_TagString: Untagged
  m_Icon: {fileID: 0}
  m_NavMeshLayer: 0
  m_StaticEditorFlags: 0
  m_IsActive: 1
--- !u!4 &4849996160271673
Transform:
  m_GameObject: {fileID: 1034400658788451}
  m_LocalRotation: {x: -0.005054507, y: 0.3057348, z: -0.02110713, w: 0.9518693}
  m_LocalPosition: {x: -12.77509, y: 0.03337097, z: -0.3244324}
  m_LocalScale: {x: 0.9999995, y: 0.9999995, z: 0.9999998}
  m_Children:
  - {fileID: 4011494080068017}
  m_Father: {fileID: 4843171983770274}
  m_RootOrder: 0
  m_LocalEulerAnglesHint: {x: -1.587299, y: -35.57906, z: 3.049918}
--- !u!1 &1409959321772693
GameObject:
  serializedVersion: 5
  m_Component:
  - component: {fileID: 4011494080068017}
  m_Layer: 0
  m_Name: Puppet_L_Hand
  m_TagString: Untagged
  m_Icon: {fileID: 0}
  m_NavMeshLayer: 0
  m_StaticEditorFlags: 0
  m_IsActive: 1
--- !u!4 &4011494080068017
Transform:
  m_GameObject: {fileID: 1409959321772693}
  m_LocalRotation: {x: 0.006386489, y: 0.03527822, z: 0.02299432, w: 0.9990926}
  m_LocalPosition: {x: -10.34572, y: 0, z: 0}
  m_LocalScale: {x: 1.000001, y: 1.000001, z: 1}
  m_Children:
  - {fileID: 4188188075370269}
  m_Father: {fileID: 4849996160271673}
  m_RootOrder: 0
  m_LocalEulerAnglesHint: {x: 0.8261968, y: -4.025401, z: -2.665918}
--- !u!1 &1445184691091050
GameObject:
  serializedVersion: 5
  m_Component:
  - component: {fileID: 4188188075370269}
  m_Layer: 0
  m_Name: Puppet_FlamePrincess_CardsHand
  m_TagString: Untagged
  m_Icon: {fileID: 0}
  m_NavMeshLayer: 0
  m_StaticEditorFlags: 0
  m_IsActive: 1
--- !u!4 &4188188075370269
Transform:
  m_GameObject: {fileID: 1445184691091050}
  m_LocalRotation: {x: -0.2835694, y: 0.6245577, z: 0.6494721, w: 0.3281802}
  m_LocalPosition: {x: -5.380064, y: -0.3908501, z: 2.51555}
  m_LocalScale: {x: 1, y: 0.9999999, z: 1}
  m_Children: []
  m_Father: {fileID: 4011494080068017}
  m_RootOrder: 0
  m_LocalEulerAnglesHint: {x: 84.60554, y: -51.10296, z: -173.4087}
--- !u!1 &1056189972197417
GameObject:
  serializedVersion: 5
  m_Component:
  - component: {fileID: 4945526523327630}
  m_Layer: 0
  m_Name: Puppet_R_UpperArm
  m_TagString: Untagged
  m_Icon: {fileID: 0}
  m_NavMeshLayer: 0
  m_StaticEditorFlags: 0
  m_IsActive: 1
--- !u!4 &4945526523327630
Transform:
  m_GameObject: {fileID: 1056189972197417}
  m_LocalRotation: {x: 0.6517513, y: -0.6305878, z: 0.3026071, w: 0.2932716}
  m_LocalPosition: {x: -3.499374, y: -0.9164473, z: -5.129089}
  m_LocalScale: {x: 1, y: 0.9999998, z: 1}
  m_Children:
  - {fileID: 4887105158741328}
  m_Father: {fileID: 4545339395363630}
  m_RootOrder: 2
  m_LocalEulerAnglesHint: {x: 179.9432, y: 49.84619, z: 88.08256}
--- !u!1 &1925289591320689
GameObject:
  serializedVersion: 5
  m_Component:
  - component: {fileID: 4887105158741328}
  m_Layer: 0
  m_Name: Puppet_R_Forearm
  m_TagString: Untagged
  m_Icon: {fileID: 0}
  m_NavMeshLayer: 0
  m_StaticEditorFlags: 0
  m_IsActive: 1
--- !u!4 &4887105158741328
Transform:
  m_GameObject: {fileID: 1925289591320689}
  m_LocalRotation: {x: 0.00505439, y: -0.3057348, z: -0.02110693, w: 0.9518693}
  m_LocalPosition: {x: -12.7751, y: 0.03336716, z: 0.324429}
  m_LocalScale: {x: 1, y: 1, z: 1}
  m_Children:
  - {fileID: 4262888979872949}
  m_Father: {fileID: 4945526523327630}
  m_RootOrder: 0
  m_LocalEulerAnglesHint: {x: 1.587275, y: 35.57907, z: 3.049887}
--- !u!1 &1926115341913986
GameObject:
  serializedVersion: 5
  m_Component:
  - component: {fileID: 4262888979872949}
  m_Layer: 0
  m_Name: Puppet_R_Hand
  m_TagString: Untagged
  m_Icon: {fileID: 0}
  m_NavMeshLayer: 0
  m_StaticEditorFlags: 0
  m_IsActive: 1
--- !u!4 &4262888979872949
Transform:
  m_GameObject: {fileID: 1926115341913986}
  m_LocalRotation: {x: -0.006386583, y: -0.03527811, z: 0.02299433, w: 0.9990926}
  m_LocalPosition: {x: -10.34572, y: -3.814697E-06, z: 0}
  m_LocalScale: {x: 1, y: 1, z: 0.9999996}
  m_Children:
  - {fileID: 4023360783386607}
  m_Father: {fileID: 4887105158741328}
  m_RootOrder: 0
  m_LocalEulerAnglesHint: {x: -0.8262074, y: 4.025388, z: -2.665919}
--- !u!1 &1475777432162054
GameObject:
  serializedVersion: 5
  m_Component:
  - component: {fileID: 4023360783386607}
  m_Layer: 0
  m_Name: Puppet_CardPlay
  m_TagString: Untagged
  m_Icon: {fileID: 0}
  m_NavMeshLayer: 0
  m_StaticEditorFlags: 0
  m_IsActive: 1
--- !u!4 &4023360783386607
Transform:
  m_GameObject: {fileID: 1475777432162054}
  m_LocalRotation: {x: 0.2835696, y: -0.6245576, z: 0.6494724, w: 0.3281795}
  m_LocalPosition: {x: -5.381197, y: -0.3909683, z: -2.509298}
  m_LocalScale: {x: 1, y: 1, z: 1}
  m_Children: []
  m_Father: {fileID: 4262888979872949}
  m_RootOrder: 0
  m_LocalEulerAnglesHint: {x: -84.60555, y: 51.10293, z: -173.4088}
--- !u!1 &1143404202807984
GameObject:
  serializedVersion: 5
  m_Component:
  - component: {fileID: 4825121203602303}
  m_Layer: 0
  m_Name: Puppet_Root
  m_TagString: Untagged
  m_Icon: {fileID: 0}
  m_NavMeshLayer: 0
  m_StaticEditorFlags: 0
  m_IsActive: 1
--- !u!4 &4825121203602303
Transform:
  m_GameObject: {fileID: 1143404202807984}
  m_LocalRotation: {x: -0.7071068, y: -1.256074E-15, z: -1.256074E-15, w: 0.7071069}
  m_LocalPosition: {x: 0.04389076, y: 0, z: 0.01076241}
  m_LocalScale: {x: 1, y: 1, z: 1}
  m_Children: []
  m_Father: {fileID: 4875732430299415}
  m_RootOrder: 4
  m_LocalEulerAnglesHint: {x: -89.99999, y: 2.035555E-13, z: -1.12996E-29}
