%YAML 1.1
%TAG !u! tag:unity3d.com,2011:
--- !u!1001 &100100000
Prefab:
  serializedVersion: 2
  m_Modification:
    m_TransformParent: {fileID: 0}
    m_Modifications: []
    m_RemovedComponents: []
  m_ParentPrefab: {fileID: 0}
  m_RootGameObject: {fileID: 1435051296106367}
  m_IsPrefabParent: 1
--- !u!1 &1435051296106367
GameObject:
  serializedVersion: 5
  m_Component:
  - component: {fileID: 4395521860900626}
  - component: {fileID: 114986708608313220}
  - component: {fileID: 82126083125708761}
  m_Layer: 0
  m_Name: IceKingValentine
  m_TagString: Untagged
  m_Icon: {fileID: 0}
  m_NavMeshLayer: 0
  m_StaticEditorFlags: 0
  m_IsActive: 1
--- !u!4 &4395521860900626
Transform:
  m_GameObject: {fileID: 1435051296106367}
  m_LocalRotation: {x: 0, y: 0, z: 0, w: 1}
  m_LocalPosition: {x: 0, y: 0, z: 0}
  m_LocalScale: {x: 1, y: 1, z: 1}
  m_Children:
  - {fileID: 4222540481155823}
  m_Father: {fileID: 0}
  m_RootOrder: 0
  m_LocalEulerAnglesHint: {x: 0, y: 0, z: 0}
--- !u!114 &114986708608313220
MonoBehaviour:
  m_GameObject: {fileID: 1435051296106367}
  m_Enabled: 1
  m_EditorHideFlags: 0
  m_Script: {fileID: 11500000, guid: f1301ae4a7b966f4c9f56b5de9594888, type: 3}
  m_Name:
  m_EditorClassIdentifier:
  OpeningClips:
  - {fileID: 0}
  - {fileID: 8300000, guid: bdaeaaef140e14647b9609d5c6900c97, type: 3}
  - {fileID: 0}
  WinClips:
  - {fileID: 0}
  - {fileID: 8300000, guid: c2edbe4095e156b48b5a70a3b84c9916, type: 3}
  - {fileID: 8300000, guid: 80f0f2621543e38479836d36c6f57699, type: 3}
  - {fileID: 8300000, guid: 4f97cd4ba89c2434a84e95cf21ca3dc6, type: 3}
  - {fileID: 8300000, guid: ba647a6a00f869c49917472cf53fe23c, type: 3}
  LoseClips:
  - {fileID: 8300000, guid: d479f89e539fda440afec1e58a994cfd, type: 3}
  - {fileID: 8300000, guid: 9046e6f8ee30676449d308e7bcd77a9f, type: 3}
  - {fileID: 8300000, guid: b9e8d2d0978a5d54ea467ebe5fb66fb4, type: 3}
  DestroyCreatureClips:
  - {fileID: 8300000, guid: 1572d540e943700458fa48eb8619d8cf, type: 3}
  - {fileID: 0}
  - {fileID: 8300000, guid: 491c62132264ed249a3ad39f9b94effb, type: 3}
  - {fileID: 8300000, guid: 55dd8930b74824548b5822a72cfa54d7, type: 3}
  - {fileID: 8300000, guid: 1d1aa67e280d1ba488bb0de7656dc0e8, type: 3}
  PlayCreatureClips:
  - {fileID: 0}
  - {fileID: 8300000, guid: 529f780cf16d0184cacd5f02d9006f9d, type: 3}
  - {fileID: 0}
  - {fileID: 8300000, guid: 2d55944c25525d743a93227557df984d, type: 3}
  - {fileID: 0}
  PlayBuildingClips:
  - {fileID: 8300000, guid: 917db946e6e55304da9d291325f6e835, type: 3}
  - {fileID: 8300000, guid: ab13958a9b66ece418bc10d47da6be24, type: 3}
  - {fileID: 0}
  - {fileID: 8300000, guid: 6a6fad38a10ca3242b313370a6005494, type: 3}
  - {fileID: 0}
  PlaySpellClips:
  - {fileID: 8300000, guid: 79587628d3a94044b986c5d18a118319, type: 3}
  - {fileID: 8300000, guid: 1523a2031950a0d4485ad12d6664e377, type: 3}
  - {fileID: 8300000, guid: 05e7c2e3bce719d4d9369bca17f0cd6e, type: 3}
  - {fileID: 8300000, guid: 8ef943c5e2df6df43844e5b8341c5a33, type: 3}
  CreatureDestroyedClips:
  - {fileID: 8300000, guid: 50cc93c5f118bc849ab423610440bfff, type: 3}
  - {fileID: 0}
  - {fileID: 8300000, guid: a8180cd62fabfa248ae984b16da733db, type: 3}
  - {fileID: 8300000, guid: 0cc05f70ddd348c41a763190cfc26db7, type: 3}
  - {fileID: 0}
  BuildingDestroyedClips:
  - {fileID: 8300000, guid: c0c714f6f7e0578458760acb85b25221, type: 3}
  - {fileID: 8300000, guid: 0b6ce43fc17fee24b8f897490ce03264, type: 3}
  - {fileID: 8300000, guid: 0b6ce43fc17fee24b8f897490ce03264, type: 3}
  - {fileID: 8300000, guid: 42ee52c4d80bc7c409134b169d2925b8, type: 3}
  - {fileID: 0}
  FloopClips:
  - {fileID: 0}
  - {fileID: 8300000, guid: c5bc4112ff7a472428097ef8c31e651c, type: 3}
  - {fileID: 8300000, guid: 62330bcf9de27bc43bbe2a1372c3d56f, type: 3}
  - {fileID: 8300000, guid: 8712c119bd4f61345a172f51fa34f5e8, type: 3}
  - {fileID: 0}
  HeroDamagedClips:
  - {fileID: 0}
  - {fileID: 8300000, guid: 09b02ed06aa476c43b94200039e805a8, type: 3}
  - {fileID: 0}
  - {fileID: 8300000, guid: dae8e031e9e0d944f9d8d2434849fca5, type: 3}
  - {fileID: 8300000, guid: c0cf0323b7de0d743b8bda5bee8cdd64, type: 3}
  LeaderAbilityClips:
  - {fileID: 0}
--- !u!82 &82126083125708761
AudioSource:
  m_GameObject: {fileID: 1435051296106367}
  m_Enabled: 1
  serializedVersion: 4
  OutputAudioMixerGroup: {fileID: 0}
  m_audioClip: {fileID: 0}
  m_PlayOnAwake: 1
  m_Volume: 1
  m_Pitch: 1
  Loop: 0
  Mute: 0
  Spatialize: 0
  SpatializePostEffects: 0
  Priority: 128
  DopplerLevel: 1
  MinDistance: 1
  MaxDistance: 500
  Pan2D: 0
  rolloffMode: 0
  BypassEffects: 0
  BypassListenerEffects: 0
  BypassReverbZones: 0
  rolloffCustomCurve:
    serializedVersion: 2
    m_Curve:
    - serializedVersion: 2
      time: 0
      value: 1
      inSlope: 0
      outSlope: 0
      tangentMode: 0
    - serializedVersion: 2
      time: 1
      value: 0
      inSlope: 0
      outSlope: 0
      tangentMode: 0
    m_PreInfinity: 2
    m_PostInfinity: 2
    m_RotationOrder: 0
  panLevelCustomCurve:
    serializedVersion: 2
    m_Curve:
    - serializedVersion: 2
      time: 0
      value: 0
      inSlope: 0
      outSlope: 0
      tangentMode: 0
    m_PreInfinity: 2
    m_PostInfinity: 2
    m_RotationOrder: 0
  spreadCustomCurve:
    serializedVersion: 2
    m_Curve:
    - serializedVersion: 2
      time: 0
      value: 0
      inSlope: 0
      outSlope: 0
      tangentMode: 0
    m_PreInfinity: 2
    m_PostInfinity: 2
    m_RotationOrder: 0
  reverbZoneMixCustomCurve:
    serializedVersion: 2
    m_Curve:
    - serializedVersion: 2
      time: 0
      value: 1
      inSlope: 0
      outSlope: 0
      tangentMode: 0
    m_PreInfinity: 2
    m_PostInfinity: 2
    m_RotationOrder: 0
--- !u!1 &1054444922933754
GameObject:
  serializedVersion: 5
  m_Component:
  - component: {fileID: 4222540481155823}
  - component: {fileID: 111986359676819395}
  m_Layer: 0
  m_Name: IceKing_Valentine
  m_TagString: Untagged
  m_Icon: {fileID: 0}
  m_NavMeshLayer: 0
  m_StaticEditorFlags: 0
  m_IsActive: 1
--- !u!4 &4222540481155823
Transform:
  m_GameObject: {fileID: 1054444922933754}
  m_LocalRotation: {x: 0, y: 0, z: 0, w: 1}
  m_LocalPosition: {x: 0, y: 0, z: 0}
  m_LocalScale: {x: 1, y: 1, z: 1}
  m_Children:
  - {fileID: 4512011601063773}
  - {fileID: 4518257271258433}
  - {fileID: 4235266714273270}
  - {fileID: 4302700755800181}
  - {fileID: 4278026700408501}
  - {fileID: 4394984796575388}
  m_Father: {fileID: 4395521860900626}
  m_RootOrder: 0
  m_LocalEulerAnglesHint: {x: 0, y: 0, z: 0}
--- !u!111 &111986359676819395
Animation:
  m_GameObject: {fileID: 1054444922933754}
  m_Enabled: 1
  serializedVersion: 3
  m_Animation: {fileID: 0}
  m_Animations:
  - {fileID: 7400000, guid: 13aebca0cc08f5046910fc1b48b70f8c, type: 2}
  - {fileID: 7400000, guid: c0c05921a178c184ebb828df4dcbc5b0, type: 2}
  - {fileID: 7400000, guid: 56c6abb7c00cd07448ab919ab93a640e, type: 2}
  - {fileID: 7400000, guid: 8555d55bfb739e84f98ae4951b29d36f, type: 2}
  - {fileID: 7400000, guid: 38ee84ee4579c3f4ca7a46cd84dd4014, type: 2}
  - {fileID: 7400000, guid: 8bd9eb8b17f083b4985606163da1c0f7, type: 2}
  - {fileID: 7400000, guid: fc7da765879d0504997d8d927b473f17, type: 2}
  - {fileID: 7400000, guid: 74a45f71bb7961d4dafad5e64bb61365, type: 2}
  - {fileID: 7400000, guid: e6bcf75706c19574aba1231d8514ec1e, type: 2}
  - {fileID: 7400000, guid: 008f23410383e364386867250674332a, type: 2}
  - {fileID: 7400000, guid: 62327140e8bf6ab45ae318036dc83aae, type: 2}
  - {fileID: 7400000, guid: a4d573ea0b98114418bc7a50d3b30f07, type: 2}
  - {fileID: 7400000, guid: 97df50c70a5415041aa823442f54e6c7, type: 2}
  m_WrapMode: 0
  m_PlayAutomatically: 1
  m_AnimatePhysics: 0
  m_CullingType: 1
--- !u!1 &1062189033801036
GameObject:
  serializedVersion: 5
  m_Component:
  - component: {fileID: 4512011601063773}
  - component: {fileID: 137264884440005836}
  m_Layer: 0
  m_Name: IceKing
  m_TagString: Untagged
  m_Icon: {fileID: 0}
  m_NavMeshLayer: 0
  m_StaticEditorFlags: 0
  m_IsActive: 1
--- !u!4 &4512011601063773
Transform:
  m_GameObject: {fileID: 1062189033801036}
  m_LocalRotation: {x: -0.7071068, y: 0, z: 0, w: 0.7071068}
  m_LocalPosition: {x: 0, y: 0, z: 0}
  m_LocalScale: {x: 1, y: 1, z: 1}
  m_Children: []
  m_Father: {fileID: 4222540481155823}
  m_RootOrder: 0
  m_LocalEulerAnglesHint: {x: -90, y: 0, z: 0}
--- !u!137 &137264884440005836
SkinnedMeshRenderer:
  m_GameObject: {fileID: 1062189033801036}
  m_Enabled: 1
  m_CastShadows: 1
  m_ReceiveShadows: 1
  m_DynamicOccludee: 1
  m_MotionVectors: 1
  m_LightProbeUsage: 1
  m_ReflectionProbeUsage: 1
  m_Materials:
  - {fileID: 2100000, guid: 19de018329ebdba4596ec90c333c72df, type: 2}
  m_StaticBatchInfo:
    firstSubMesh: 0
    subMeshCount: 0
  m_StaticBatchRoot: {fileID: 0}
  m_ProbeAnchor: {fileID: 0}
  m_LightProbeVolumeOverride: {fileID: 0}
  m_ScaleInLightmap: 1
  m_PreserveUVs: 0
  m_IgnoreNormalsForChartDetection: 0
  m_ImportantGI: 0
  m_StitchLightmapSeams: 0
  m_SelectedEditorRenderState: 3
  m_MinimumChartSize: 4
  m_AutoUVMaxDistance: 0.5
  m_AutoUVMaxAngle: 89
  m_LightmapParameters: {fileID: 0}
  m_SortingLayerID: 0
  m_SortingLayer: 0
  m_SortingOrder: 0
  serializedVersion: 2
  m_Quality: 0
  m_UpdateWhenOffscreen: 0
  m_skinnedMotionVectors: 0
  m_Mesh: {fileID: 4300000, guid: 23532602a2804e5418c703e1e048fd55, type: 2}
  m_Bones:
  - {fileID: 4348486789094490}
  - {fileID: 4053259541883628}
  - {fileID: 4679573772680699}
  - {fileID: 4958516625203231}
  - {fileID: 4278026700408501}
  - {fileID: 4261478545016820}
  - {fileID: 4122935631473159}
  - {fileID: 4380354095128324}
  - {fileID: 4284198761731671}
  - {fileID: 4314373017530615}
  - {fileID: 4676115827424934}
  - {fileID: 4581831946497914}
  - {fileID: 4702318879327343}
  - {fileID: 4615056832956973}
  - {fileID: 4080471241256443}
  - {fileID: 4222794975283570}
  - {fileID: 4587920778864369}
  - {fileID: 4787295098901888}
  - {fileID: 4553558531184599}
  - {fileID: 4938566102911571}
  - {fileID: 4394159964556561}
  - {fileID: 4582035756780150}
  m_BlendShapeWeights: []
  m_RootBone: {fileID: 4278026700408501}
  m_AABB:
    m_Center: {x: -8.589512, y: 4.602848, z: 0.004318237}
    m_Extent: {x: 33.36236, y: 33.86582, z: 50.87059}
  m_DirtyAABB: 0
--- !u!1 &1393691610278131
GameObject:
  serializedVersion: 5
  m_Component:
  - component: {fileID: 4518257271258433}
  - component: {fileID: 137758070434999650}
  m_Layer: 0
  m_Name: IceKing_Outline
  m_TagString: Untagged
  m_Icon: {fileID: 0}
  m_NavMeshLayer: 0
  m_StaticEditorFlags: 0
  m_IsActive: 1
--- !u!4 &4518257271258433
Transform:
  m_GameObject: {fileID: 1393691610278131}
  m_LocalRotation: {x: -0.7071068, y: 0, z: 0, w: 0.7071068}
  m_LocalPosition: {x: -0.2179624, y: 0, z: 0}
  m_LocalScale: {x: 1, y: 1, z: 1}
  m_Children: []
  m_Father: {fileID: 4222540481155823}
  m_RootOrder: 1
  m_LocalEulerAnglesHint: {x: -90, y: 0, z: 0}
--- !u!137 &137758070434999650
SkinnedMeshRenderer:
  m_GameObject: {fileID: 1393691610278131}
  m_Enabled: 1
  m_CastShadows: 1
  m_ReceiveShadows: 1
  m_DynamicOccludee: 1
  m_MotionVectors: 1
  m_LightProbeUsage: 1
  m_ReflectionProbeUsage: 1
  m_Materials:
  - {fileID: 2100000, guid: 19de018329ebdba4596ec90c333c72df, type: 2}
  m_StaticBatchInfo:
    firstSubMesh: 0
    subMeshCount: 0
  m_StaticBatchRoot: {fileID: 0}
  m_ProbeAnchor: {fileID: 0}
  m_LightProbeVolumeOverride: {fileID: 0}
  m_ScaleInLightmap: 1
  m_PreserveUVs: 0
  m_IgnoreNormalsForChartDetection: 0
  m_ImportantGI: 0
  m_StitchLightmapSeams: 0
  m_SelectedEditorRenderState: 3
  m_MinimumChartSize: 4
  m_AutoUVMaxDistance: 0.5
  m_AutoUVMaxAngle: 89
  m_LightmapParameters: {fileID: 0}
  m_SortingLayerID: 0
  m_SortingLayer: 0
  m_SortingOrder: 0
  serializedVersion: 2
  m_Quality: 0
  m_UpdateWhenOffscreen: 0
  m_skinnedMotionVectors: 0
  m_Mesh: {fileID: 4300000, guid: 3f348821560d65442b774af8394563f7, type: 2}
  m_Bones:
  - {fileID: 4348486789094490}
  - {fileID: 4053259541883628}
  - {fileID: 4679573772680699}
  - {fileID: 4958516625203231}
  - {fileID: 4278026700408501}
  - {fileID: 4380354095128324}
  - {fileID: 4284198761731671}
  - {fileID: 4314373017530615}
  - {fileID: 4676115827424934}
  - {fileID: 4581831946497914}
  - {fileID: 4702318879327343}
  - {fileID: 4615056832956973}
  - {fileID: 4080471241256443}
  - {fileID: 4222794975283570}
  - {fileID: 4587920778864369}
  - {fileID: 4787295098901888}
  - {fileID: 4553558531184599}
  - {fileID: 4938566102911571}
  - {fileID: 4394159964556561}
  - {fileID: 4582035756780150}
  - {fileID: 4261478545016820}
  - {fileID: 4122935631473159}
  m_BlendShapeWeights: []
  m_RootBone: {fileID: 4278026700408501}
  m_AABB:
    m_Center: {x: -8.651096, y: 4.586586, z: -0.003173828}
    m_Extent: {x: 33.69358, y: 34.27359, z: 51.29705}
  m_DirtyAABB: 0
--- !u!1 &1588963899859343
GameObject:
  serializedVersion: 5
  m_Component:
  - component: {fileID: 4235266714273270}
  - component: {fileID: 137299881587088156}
  m_Layer: 0
  m_Name: M_EYES
  m_TagString: Untagged
  m_Icon: {fileID: 0}
  m_NavMeshLayer: 0
  m_StaticEditorFlags: 0
  m_IsActive: 1
--- !u!4 &4235266714273270
Transform:
  m_GameObject: {fileID: 1588963899859343}
  m_LocalRotation: {x: -0.7071068, y: 0, z: 0, w: 0.7071068}
  m_LocalPosition: {x: 0, y: 0, z: 33.7248}
  m_LocalScale: {x: 1, y: 1, z: 1}
  m_Children: []
  m_Father: {fileID: 4222540481155823}
  m_RootOrder: 2
  m_LocalEulerAnglesHint: {x: -90, y: 0, z: 0}
--- !u!137 &137299881587088156
SkinnedMeshRenderer:
  m_GameObject: {fileID: 1588963899859343}
  m_Enabled: 1
  m_CastShadows: 1
  m_ReceiveShadows: 1
  m_DynamicOccludee: 1
  m_MotionVectors: 1
  m_LightProbeUsage: 1
  m_ReflectionProbeUsage: 1
  m_Materials:
  - {fileID: 2100000, guid: 03c6b9176f013a64587e4aff8e31cad7, type: 2}
  m_StaticBatchInfo:
    firstSubMesh: 0
    subMeshCount: 0
  m_StaticBatchRoot: {fileID: 0}
  m_ProbeAnchor: {fileID: 0}
  m_LightProbeVolumeOverride: {fileID: 0}
  m_ScaleInLightmap: 1
  m_PreserveUVs: 0
  m_IgnoreNormalsForChartDetection: 0
  m_ImportantGI: 0
  m_StitchLightmapSeams: 0
  m_SelectedEditorRenderState: 3
  m_MinimumChartSize: 4
  m_AutoUVMaxDistance: 0.5
  m_AutoUVMaxAngle: 89
  m_LightmapParameters: {fileID: 0}
  m_SortingLayerID: 0
  m_SortingLayer: 0
  m_SortingOrder: 0
  serializedVersion: 2
  m_Quality: 0
  m_UpdateWhenOffscreen: 0
  m_skinnedMotionVectors: 0
  m_Mesh: {fileID: 4300000, guid: ae42be39612fabf4ea152671d153a69f, type: 2}
  m_Bones:
  - {fileID: 4053259541883628}
  - {fileID: 4679573772680699}
  m_BlendShapeWeights: []
  m_RootBone: {fileID: 4053259541883628}
  m_AABB:
    m_Center: {x: -17.20966, y: 11.30432, z: -0.03746891}
    m_Extent: {x: 3.810265, y: 2.914749, z: 7.988684}
  m_DirtyAABB: 0
--- !u!1 &1995579671515622
GameObject:
  serializedVersion: 5
  m_Component:
  - component: {fileID: 4302700755800181}
  - component: {fileID: 137088774964445738}
  m_Layer: 0
  m_Name: M_MOUTH
  m_TagString: Untagged
  m_Icon: {fileID: 0}
  m_NavMeshLayer: 0
  m_StaticEditorFlags: 0
  m_IsActive: 1
--- !u!4 &4302700755800181
Transform:
  m_GameObject: {fileID: 1995579671515622}
  m_LocalRotation: {x: -0.7071068, y: 0, z: 0, w: 0.7071068}
  m_LocalPosition: {x: 0, y: 0, z: 0}
  m_LocalScale: {x: 1, y: 1, z: 1}
  m_Children: []
  m_Father: {fileID: 4222540481155823}
  m_RootOrder: 3
  m_LocalEulerAnglesHint: {x: -90, y: 0, z: 0}
--- !u!137 &137088774964445738
SkinnedMeshRenderer:
  m_GameObject: {fileID: 1995579671515622}
  m_Enabled: 1
  m_CastShadows: 1
  m_ReceiveShadows: 1
  m_DynamicOccludee: 1
  m_MotionVectors: 1
  m_LightProbeUsage: 1
  m_ReflectionProbeUsage: 1
  m_Materials:
  - {fileID: 2100000, guid: 03c6b9176f013a64587e4aff8e31cad7, type: 2}
  m_StaticBatchInfo:
    firstSubMesh: 0
    subMeshCount: 0
  m_StaticBatchRoot: {fileID: 0}
  m_ProbeAnchor: {fileID: 0}
  m_LightProbeVolumeOverride: {fileID: 0}
  m_ScaleInLightmap: 1
  m_PreserveUVs: 0
  m_IgnoreNormalsForChartDetection: 0
  m_ImportantGI: 0
  m_StitchLightmapSeams: 0
  m_SelectedEditorRenderState: 3
  m_MinimumChartSize: 4
  m_AutoUVMaxDistance: 0.5
  m_AutoUVMaxAngle: 89
  m_LightmapParameters: {fileID: 0}
  m_SortingLayerID: 0
  m_SortingLayer: 0
  m_SortingOrder: 0
  serializedVersion: 2
  m_Quality: 0
  m_UpdateWhenOffscreen: 0
  m_skinnedMotionVectors: 0
  m_Mesh: {fileID: 4300000, guid: 1d11dedd5f40e934088ed9aa93e248b0, type: 2}
  m_Bones:
  - {fileID: 4053259541883628}
  - {fileID: 4679573772680699}
  m_BlendShapeWeights: []
  m_RootBone: {fileID: 4053259541883628}
  m_AABB:
    m_Center: {x: -10.35703, y: 15.7019, z: -0.2256241}
    m_Extent: {x: 4.924692, y: 3.910411, z: 15.79264}
  m_DirtyAABB: 0
--- !u!1 &1153913143707751
GameObject:
  serializedVersion: 5
  m_Component:
  - component: {fileID: 4278026700408501}
  m_Layer: 0
  m_Name: Puppet
  m_TagString: Untagged
  m_Icon: {fileID: 0}
  m_NavMeshLayer: 0
  m_StaticEditorFlags: 0
  m_IsActive: 1
--- !u!4 &4278026700408501
Transform:
  m_GameObject: {fileID: 1153913143707751}
  m_LocalRotation: {x: 0.4991274, y: -0.500872, z: -0.4991266, w: 0.5008709}
  m_LocalPosition: {x: 0.03511505, y: 25.08294, z: -0.05660858}
  m_LocalScale: {x: 1, y: 1, z: 1}
  m_Children:
  - {fileID: 4348486789094490}
  - {fileID: 4581831946497914}
  m_Father: {fileID: 4222540481155823}
  m_RootOrder: 4
  m_LocalEulerAnglesHint: {x: 90.00011, y: 0.1998975, z: 90.00001}
--- !u!1 &1113842643443822
GameObject:
  serializedVersion: 5
  m_Component:
  - component: {fileID: 4348486789094490}
  m_Layer: 0
  m_Name: Puppet_FootRobe
  m_TagString: Untagged
  m_Icon: {fileID: 0}
  m_NavMeshLayer: 0
  m_StaticEditorFlags: 0
  m_IsActive: 1
--- !u!4 &4348486789094490
Transform:
  m_GameObject: {fileID: 1113842643443822}
  m_LocalRotation: {x: -8.58366E-06, y: 6.099227E-08, z: -1.129177E-08, w: 1}
  m_LocalPosition: {x: 25.08298, y: -0.03090286, z: -3.373623E-06}
  m_LocalScale: {x: 0.9999998, y: 0.9999996, z: 1}
  m_Children: []
  m_Father: {fileID: 4278026700408501}
  m_RootOrder: 0
  m_LocalEulerAnglesHint: {x: -0.0009836149, y: -6.989188E-06, z: 1.294001E-06}
--- !u!1 &1112903634819580
GameObject:
  serializedVersion: 5
  m_Component:
  - component: {fileID: 4581831946497914}
  m_Layer: 0
  m_Name: Puppet_Spine
  m_TagString: Untagged
  m_Icon: {fileID: 0}
  m_NavMeshLayer: 0
  m_StaticEditorFlags: 0
  m_IsActive: 1
--- !u!4 &4581831946497914
Transform:
  m_GameObject: {fileID: 1112903634819580}
  m_LocalRotation: {x: 5.261196E-05, y: -0.001779827, z: -0.03305001, w: 0.9994521}
  m_LocalPosition: {x: -4.624185, y: 1.144342, z: 4.142523E-07}
  m_LocalScale: {x: 0.9999999, y: 1, z: 1}
  m_Children:
  - {fileID: 4053259541883628}
  m_Father: {fileID: 4278026700408501}
  m_RootOrder: 1
  m_LocalEulerAnglesHint: {x: 0.01276632, y: 0.2036426, z: 3.787971}
--- !u!1 &1868946936869168
GameObject:
  serializedVersion: 5
  m_Component:
  - component: {fileID: 4053259541883628}
  m_Layer: 0
  m_Name: Puppet_Spine1
  m_TagString: Untagged
  m_Icon: {fileID: 0}
  m_NavMeshLayer: 0
  m_StaticEditorFlags: 0
  m_IsActive: 1
--- !u!4 &4053259541883628
Transform:
  m_GameObject: {fileID: 1868946936869168}
  m_LocalRotation: {x: -0.0003228647, y: -6.434762E-06, z: 0.02056061, w: 0.9997886}
  m_LocalPosition: {x: -8.336291, y: -1.907349E-07, z: 1.841783E-06}
  m_LocalScale: {x: 0.9999999, y: 0.9999998, z: 0.9999999}
  m_Children:
  - {fileID: 4679573772680699}
  - {fileID: 4582035756780150}
  - {fileID: 4587920778864369}
  m_Father: {fileID: 4581831946497914}
  m_RootOrder: 0
  m_LocalEulerAnglesHint: {x: -0.0370049, y: -2.347876E-05, z: -2.356238}
--- !u!1 &1460940615414317
GameObject:
  serializedVersion: 5
  m_Component:
  - component: {fileID: 4679573772680699}
  m_Layer: 0
  m_Name: Puppet_Head
  m_TagString: Untagged
  m_Icon: {fileID: 0}
  m_NavMeshLayer: 0
  m_StaticEditorFlags: 0
  m_IsActive: 1
--- !u!4 &4679573772680699
Transform:
  m_GameObject: {fileID: 1460940615414317}
  m_LocalRotation: {x: -9.276839E-10, y: -4.214233E-08, z: 7.450578E-09, w: 1}
  m_LocalPosition: {x: -8.824035, y: 2.245191, z: 0.001421553}
  m_LocalScale: {x: 1, y: 1, z: 1}
  m_Children:
  - {fileID: 4122935631473159}
  - {fileID: 4958516625203231}
  - {fileID: 4519165306488518}
  - {fileID: 4261478545016820}
  m_Father: {fileID: 4053259541883628}
  m_RootOrder: 0
  m_LocalEulerAnglesHint: {x: -1.063048E-07, y: 4.829155E-06, z: -8.537734E-07}
--- !u!1 &1925088616236080
GameObject:
  serializedVersion: 5
  m_Component:
  - component: {fileID: 4122935631473159}
  m_Layer: 0
  m_Name: Puppet_L_Eyebrow
  m_TagString: Untagged
  m_Icon: {fileID: 0}
  m_NavMeshLayer: 0
  m_StaticEditorFlags: 0
  m_IsActive: 1
--- !u!4 &4122935631473159
Transform:
  m_GameObject: {fileID: 1925088616236080}
  m_LocalRotation: {x: 0.260988, y: 0.1110448, z: -0.5007466, w: 0.8178063}
  m_LocalPosition: {x: -11.00107, y: 8.710661, z: 4.508394}
  m_LocalScale: {x: 0.9999997, y: 0.9999995, z: 0.9999999}
  m_Children: []
  m_Father: {fileID: 4679573772680699}
  m_RootOrder: 0
  m_LocalEulerAnglesHint: {x: 20.61581, y: -26.29571, z: 58.09335}
--- !u!1 &1038254541742237
GameObject:
  serializedVersion: 5
  m_Component:
  - component: {fileID: 4958516625203231}
  m_Layer: 0
  m_Name: Puppet_Nose
  m_TagString: Untagged
  m_Icon: {fileID: 0}
  m_NavMeshLayer: 0
  m_StaticEditorFlags: 0
  m_IsActive: 1
--- !u!4 &4958516625203231
Transform:
  m_GameObject: {fileID: 1038254541742237}
  m_LocalRotation: {x: 3.281381E-08, y: -0.0005746232, z: 0.8897939, w: -0.4563622}
  m_LocalPosition: {x: -7.832702, y: 11.17495, z: 0.007215797}
  m_LocalScale: {x: 0.9999996, y: 0.9999999, z: 1}
  m_Children: []
  m_Father: {fileID: 4679573772680699}
  m_RootOrder: 1
  m_LocalEulerAnglesHint: {x: -0.05859197, y: -0.03004672, z: 125.6948}
--- !u!1 &1912978596869688
GameObject:
  serializedVersion: 5
  m_Component:
  - component: {fileID: 4519165306488518}
  m_Layer: 0
  m_Name: Puppet_NoseShadow
  m_TagString: Untagged
  m_Icon: {fileID: 0}
  m_NavMeshLayer: 0
  m_StaticEditorFlags: 0
  m_IsActive: 1
--- !u!4 &4519165306488518
Transform:
  m_GameObject: {fileID: 1912978596869688}
  m_LocalRotation: {x: 8.118887E-08, y: -2.232257E-08, z: -0.4442069, w: 0.8959243}
  m_LocalPosition: {x: -5.047748, y: 13.56104, z: 0.008757054}
  m_LocalScale: {x: 0.9999996, y: 0.9999996, z: 1}
  m_Children: []
  m_Father: {fileID: 4679573772680699}
  m_RootOrder: 2
  m_LocalEulerAnglesHint: {x: 9.471555E-06, y: -1.84095E-06, z: 52.74521}
--- !u!1 &1712769387861521
GameObject:
  serializedVersion: 5
  m_Component:
  - component: {fileID: 4261478545016820}
  m_Layer: 0
  m_Name: Puppet_R_Eyebrow
  m_TagString: Untagged
  m_Icon: {fileID: 0}
  m_NavMeshLayer: 0
  m_StaticEditorFlags: 0
  m_IsActive: 1
--- !u!4 &4261478545016820
Transform:
  m_GameObject: {fileID: 1712769387861521}
  m_LocalRotation: {x: -0.260988, y: -0.1110449, z: -0.5007466, w: 0.8178063}
  m_LocalPosition: {x: -11.00107, y: 8.710661, z: -4.508386}
  m_LocalScale: {x: 0.9999995, y: 0.9999996, z: 0.9999998}
  m_Children: []
  m_Father: {fileID: 4679573772680699}
  m_RootOrder: 3
  m_LocalEulerAnglesHint: {x: -20.61582, y: 26.29571, z: 58.09334}
--- !u!1 &1968677896266093
GameObject:
  serializedVersion: 5
  m_Component:
  - component: {fileID: 4582035756780150}
  m_Layer: 0
  m_Name: Puppet_L_UpperArm
  m_TagString: Untagged
  m_Icon: {fileID: 0}
  m_NavMeshLayer: 0
  m_StaticEditorFlags: 0
  m_IsActive: 1
--- !u!4 &4582035756780150
Transform:
  m_GameObject: {fileID: 1968677896266093}
  m_LocalRotation: {x: -0.5351182, y: 0.5721774, z: 0.3974725, w: 0.4777835}
  m_LocalPosition: {x: -5.570578, y: -1.952268, z: 18.11928}
  m_LocalScale: {x: 1, y: 1, z: 1}
  m_Children:
  - {fileID: 4394159964556561}
  m_Father: {fileID: 4053259541883628}
  m_RootOrder: 1
  m_LocalEulerAnglesHint: {x: -166.0533, y: -76.44453, z: 82.82938}
--- !u!1 &1145680875174193
GameObject:
  serializedVersion: 5
  m_Component:
  - component: {fileID: 4394159964556561}
  m_Layer: 0
  m_Name: Puppet_L_UpperArm1
  m_TagString: Untagged
  m_Icon: {fileID: 0}
  m_NavMeshLayer: 0
  m_StaticEditorFlags: 0
  m_IsActive: 1
--- !u!4 &4394159964556561
Transform:
  m_GameObject: {fileID: 1145680875174193}
  m_LocalRotation: {x: 0.005581865, y: 0.1580255, z: -0.009507273, w: 0.9873735}
  m_LocalPosition: {x: -6.225327, y: 0, z: 0}
  m_LocalScale: {x: 0.9999999, y: 1, z: 1}
  m_Children:
  - {fileID: 4938566102911571}
  m_Father: {fileID: 4582035756780150}
  m_RootOrder: 0
  m_LocalEulerAnglesHint: {x: 0.4835674, y: -18.18984, z: 1.02594}
--- !u!1 &1774854586740262
GameObject:
  serializedVersion: 5
  m_Component:
  - component: {fileID: 4938566102911571}
  m_Layer: 0
  m_Name: Puppet_L_UpperArm2
  m_TagString: Untagged
  m_Icon: {fileID: 0}
  m_NavMeshLayer: 0
  m_StaticEditorFlags: 0
  m_IsActive: 1
--- !u!4 &4938566102911571
Transform:
  m_GameObject: {fileID: 1774854586740262}
  m_LocalRotation: {x: -0.0002003029, y: 0.1026387, z: 0.001157831, w: 0.994718}
  m_LocalPosition: {x: -8.774089, y: 0, z: 3.051758E-06}
  m_LocalScale: {x: 0.9999999, y: 1, z: 1}
  m_Children:
  - {fileID: 4553558531184599}
  m_Father: {fileID: 4394159964556561}
  m_RootOrder: 0
  m_LocalEulerAnglesHint: {x: -0.009412236, y: -11.7823, z: -0.1324109}
--- !u!1 &1652956816736007
GameObject:
  serializedVersion: 5
  m_Component:
  - component: {fileID: 4553558531184599}
  m_Layer: 0
  m_Name: Puppet_L_Forearm
  m_TagString: Untagged
  m_Icon: {fileID: 0}
  m_NavMeshLayer: 0
  m_StaticEditorFlags: 0
  m_IsActive: 1
--- !u!4 &4553558531184599
Transform:
  m_GameObject: {fileID: 1652956816736007}
  m_LocalRotation: {x: -0.003998308, y: 0.1752023, z: -0.03301844, w: 0.9839705}
  m_LocalPosition: {x: -6.573525, y: 0, z: 3.051758E-06}
  m_LocalScale: {x: 0.9999999, y: 1, z: 1}
  m_Children:
  - {fileID: 4787295098901888}
  m_Father: {fileID: 4938566102911571}
  m_RootOrder: 0
  m_LocalEulerAnglesHint: {x: -1.186446, y: -20.15273, z: 4.054671}
--- !u!1 &1018497228867246
GameObject:
  serializedVersion: 5
  m_Component:
  - component: {fileID: 4787295098901888}
  m_Layer: 0
  m_Name: Puppet_L_Forearm1
  m_TagString: Untagged
  m_Icon: {fileID: 0}
  m_NavMeshLayer: 0
  m_StaticEditorFlags: 0
  m_IsActive: 1
--- !u!4 &4787295098901888
Transform:
  m_GameObject: {fileID: 1018497228867246}
  m_LocalRotation: {x: -0.01202103, y: 0.03225803, z: -0.02759596, w: 0.9990262}
  m_LocalPosition: {x: -6.200603, y: -3.051758E-06, z: -3.051758E-06}
  m_LocalScale: {x: 0.9999999, y: 0.9999999, z: 1}
  m_Children:
  - {fileID: 4314373017530615}
  m_Father: {fileID: 4553558531184599}
  m_RootOrder: 0
  m_LocalEulerAnglesHint: {x: -1.481358, y: -3.657368, z: 3.21184}
--- !u!1 &1875677892846154
GameObject:
  serializedVersion: 5
  m_Component:
  - component: {fileID: 4314373017530615}
  m_Layer: 0
  m_Name: Puppet_L_Forearm2
  m_TagString: Untagged
  m_Icon: {fileID: 0}
  m_NavMeshLayer: 0
  m_StaticEditorFlags: 0
  m_IsActive: 1
--- !u!4 &4314373017530615
Transform:
  m_GameObject: {fileID: 1875677892846154}
  m_LocalRotation: {x: -0.002459299, y: 0.03186395, z: -0.002548022, w: 0.999486}
  m_LocalPosition: {x: -7.587969, y: 3.051758E-06, z: 0}
  m_LocalScale: {x: 1, y: 1, z: 0.9999999}
  m_Children:
  - {fileID: 4676115827424934}
  m_Father: {fileID: 4787295098901888}
  m_RootOrder: 0
  m_LocalEulerAnglesHint: {x: -0.2915668, y: -3.651216, z: 0.3014247}
--- !u!1 &1079792503660185
GameObject:
  serializedVersion: 5
  m_Component:
  - component: {fileID: 4676115827424934}
  m_Layer: 0
  m_Name: Puppet_L_Hand
  m_TagString: Untagged
  m_Icon: {fileID: 0}
  m_NavMeshLayer: 0
  m_StaticEditorFlags: 0
  m_IsActive: 1
--- !u!4 &4676115827424934
Transform:
  m_GameObject: {fileID: 1079792503660185}
  m_LocalRotation: {x: -0.0832005, y: 0.06215785, z: 0.03099314, w: 0.9941094}
  m_LocalPosition: {x: -4.970071, y: -3.051758E-06, z: -3.051758E-06}
  m_LocalScale: {x: 1, y: 1, z: 0.9999999}
  m_Children:
  - {fileID: 4888017431460108}
  m_Father: {fileID: 4314373017530615}
  m_RootOrder: 0
  m_LocalEulerAnglesHint: {x: -9.376637, y: -7.396828, z: -2.96399}
--- !u!1 &1429709797814327
GameObject:
  serializedVersion: 5
  m_Component:
  - component: {fileID: 4888017431460108}
  m_Layer: 0
  m_Name: Puppet_IceKing_CardsHand
  m_TagString: Untagged
  m_Icon: {fileID: 0}
  m_NavMeshLayer: 0
  m_StaticEditorFlags: 0
  m_IsActive: 1
--- !u!4 &4888017431460108
Transform:
  m_GameObject: {fileID: 1429709797814327}
  m_LocalRotation: {x: -0.2835691, y: 0.6245579, z: 0.6494721, w: 0.3281799}
  m_LocalPosition: {x: -4.82156, y: -0.3502991, z: 2.248334}
  m_LocalScale: {x: 1.754651, y: 1.754651, z: 1.75465}
  m_Children: []
  m_Father: {fileID: 4676115827424934}
  m_RootOrder: 0
  m_LocalEulerAnglesHint: {x: 84.60557, y: -51.10292, z: -173.4087}
--- !u!1 &1231715675990103
GameObject:
  serializedVersion: 5
  m_Component:
  - component: {fileID: 4587920778864369}
  m_Layer: 0
  m_Name: Puppet_R_UpperArm
  m_TagString: Untagged
  m_Icon: {fileID: 0}
  m_NavMeshLayer: 0
  m_StaticEditorFlags: 0
  m_IsActive: 1
--- !u!4 &4587920778864369
Transform:
  m_GameObject: {fileID: 1231715675990103}
  m_LocalRotation: {x: -0.4571672, y: -0.3949181, z: -0.5803189, w: 0.5461391}
  m_LocalPosition: {x: -5.454498, y: -2.042261, z: -18.09746}
  m_LocalScale: {x: 1, y: 1, z: 1}
  m_Children:
  - {fileID: 4222794975283570}
  m_Father: {fileID: 4053259541883628}
  m_RootOrder: 2
  m_LocalEulerAnglesHint: {x: -8.631489, y: 74.14703, z: 86.94898}
--- !u!1 &1178719745178130
GameObject:
  serializedVersion: 5
  m_Component:
  - component: {fileID: 4222794975283570}
  m_Layer: 0
  m_Name: Puppet_R_UpperArm1
  m_TagString: Untagged
  m_Icon: {fileID: 0}
  m_NavMeshLayer: 0
  m_StaticEditorFlags: 0
  m_IsActive: 1
--- !u!4 &4222794975283570
Transform:
  m_GameObject: {fileID: 1178719745178130}
  m_LocalRotation: {x: -0.01069755, y: 0.139118, z: 0.01757046, w: 0.9900622}
  m_LocalPosition: {x: -6.394278, y: 0, z: 1.525879E-06}
  m_LocalScale: {x: 1, y: 1, z: 0.9999999}
  m_Children:
  - {fileID: 4080471241256443}
  m_Father: {fileID: 4587920778864369}
  m_RootOrder: 0
  m_LocalEulerAnglesHint: {x: -0.971292, y: -16.01248, z: -1.896806}
--- !u!1 &1668947703443996
GameObject:
  serializedVersion: 5
  m_Component:
  - component: {fileID: 4080471241256443}
  m_Layer: 0
  m_Name: Puppet_R_UpperArm2
  m_TagString: Untagged
  m_Icon: {fileID: 0}
  m_NavMeshLayer: 0
  m_StaticEditorFlags: 0
  m_IsActive: 1
--- !u!4 &4080471241256443
Transform:
  m_GameObject: {fileID: 1668947703443996}
  m_LocalRotation: {x: -0.001111852, y: 0.08949635, z: 0.008023015, w: 0.9959542}
  m_LocalPosition: {x: -8.840913, y: 0, z: 1.525879E-06}
  m_LocalScale: {x: 1, y: 0.9999999, z: 1}
  m_Children:
  - {fileID: 4615056832956973}
  m_Father: {fileID: 4222794975283570}
  m_RootOrder: 0
  m_LocalEulerAnglesHint: {x: -0.04533951, y: -10.26996, z: -0.9190102}
--- !u!1 &1939290773672585
GameObject:
  serializedVersion: 5
  m_Component:
  - component: {fileID: 4615056832956973}
  m_Layer: 0
  m_Name: Puppet_R_Forearm
  m_TagString: Untagged
  m_Icon: {fileID: 0}
  m_NavMeshLayer: 0
  m_StaticEditorFlags: 0
  m_IsActive: 1
--- !u!4 &4615056832956973
Transform:
  m_GameObject: {fileID: 1939290773672585}
  m_LocalRotation: {x: 0.003919502, y: 0.1855875, z: 0.02987031, w: 0.9821658}
  m_LocalPosition: {x: -6.256854, y: 3.051758E-06, z: 1.525879E-06}
  m_LocalScale: {x: 0.9999998, y: 0.9999999, z: 0.9999999}
  m_Children:
  - {fileID: 4702318879327343}
  m_Father: {fileID: 4080471241256443}
  m_RootOrder: 0
  m_LocalEulerAnglesHint: {x: 1.15589, y: -21.36582, z: -3.702022}
--- !u!1 &1593846408901474
GameObject:
  serializedVersion: 5
  m_Component:
  - component: {fileID: 4702318879327343}
  m_Layer: 0
  m_Name: Puppet_R_Forearm1
  m_TagString: Untagged
  m_Icon: {fileID: 0}
  m_NavMeshLayer: 0
  m_StaticEditorFlags: 0
  m_IsActive: 1
--- !u!4 &4702318879327343
Transform:
  m_GameObject: {fileID: 1593846408901474}
  m_LocalRotation: {x: 0.006617882, y: 0.03804103, z: 0.01561784, w: 0.9991322}
  m_LocalPosition: {x: -6.176693, y: 0, z: 3.051758E-06}
  m_LocalScale: {x: 0.9999998, y: 0.9999999, z: 0.9999999}
  m_Children:
  - {fileID: 4380354095128324}
  m_Father: {fileID: 4615056832956973}
  m_RootOrder: 0
  m_LocalEulerAnglesHint: {x: 0.8281884, y: -4.347726, z: -1.82252}
--- !u!1 &1340737336155323
GameObject:
  serializedVersion: 5
  m_Component:
  - component: {fileID: 4380354095128324}
  m_Layer: 0
  m_Name: Puppet_R_Forearm2
  m_TagString: Untagged
  m_Icon: {fileID: 0}
  m_NavMeshLayer: 0
  m_StaticEditorFlags: 0
  m_IsActive: 1
--- !u!4 &4380354095128324
Transform:
  m_GameObject: {fileID: 1340737336155323}
  m_LocalRotation: {x: -0.008833634, y: 0.01761755, z: -0.009141603, w: 0.999764}
  m_LocalPosition: {x: -7.540402, y: 3.051758E-06, z: -6.103515E-06}
  m_LocalScale: {x: 1, y: 0.9999999, z: 1}
  m_Children:
  - {fileID: 4284198761731671}
  m_Father: {fileID: 4702318879327343}
  m_RootOrder: 0
  m_LocalEulerAnglesHint: {x: -1.031166, y: -2.009504, z: 1.065854}
--- !u!1 &1284259481421941
GameObject:
  serializedVersion: 5
  m_Component:
  - component: {fileID: 4284198761731671}
  m_Layer: 0
  m_Name: Puppet_R_Hand
  m_TagString: Untagged
  m_Icon: {fileID: 0}
  m_NavMeshLayer: 0
  m_StaticEditorFlags: 0
  m_IsActive: 1
--- !u!4 &4284198761731671
Transform:
  m_GameObject: {fileID: 1284259481421941}
  m_LocalRotation: {x: 0.9923356, y: -0.01787637, z: -0.072869, w: -0.09818713}
  m_LocalPosition: {x: -5.078018, y: -6.103515E-06, z: 0}
  m_LocalScale: {x: 1, y: 1, z: 1}
  m_Children:
  - {fileID: 4470931458346184}
  m_Father: {fileID: 4380354095128324}
  m_RootOrder: 0
  m_LocalEulerAnglesHint: {x: -168.7898, y: -8.518657, z: 1.226525}
--- !u!1 &1366031849519956
GameObject:
  serializedVersion: 5
  m_Component:
  - component: {fileID: 4470931458346184}
  m_Layer: 0
  m_Name: Puppet_CardPlay
  m_TagString: Untagged
  m_Icon: {fileID: 0}
  m_NavMeshLayer: 0
  m_StaticEditorFlags: 0
  m_IsActive: 1
--- !u!4 &4470931458346184
Transform:
  m_GameObject: {fileID: 1366031849519956}
  m_LocalRotation: {x: 0.283569, y: -0.6245579, z: 0.6494722, w: 0.3281798}
  m_LocalPosition: {x: -4.821554, y: -0.3503021, z: -2.248327}
  m_LocalScale: {x: 0.9999998, y: 0.9999998, z: 1}
  m_Children: []
  m_Father: {fileID: 4284198761731671}
  m_RootOrder: 0
  m_LocalEulerAnglesHint: {x: -84.60555, y: 51.10289, z: -173.4087}
--- !u!1 &1884294785801575
GameObject:
  serializedVersion: 5
  m_Component:
  - component: {fileID: 4394984796575388}
  m_Layer: 0
  m_Name: Puppet_Root
  m_TagString: Untagged
  m_Icon: {fileID: 0}
  m_NavMeshLayer: 0
  m_StaticEditorFlags: 0
  m_IsActive: 1
--- !u!4 &4394984796575388
Transform:
  m_GameObject: {fileID: 1884294785801575}
  m_LocalRotation: {x: -0.7071067, y: -1.256074E-15, z: -1.256074E-15, w: 0.7071068}
  m_LocalPosition: {x: 0.0351126, y: 0, z: 0.008609929}
  m_LocalScale: {x: 1, y: 1, z: 1}
  m_Children: []
  m_Father: {fileID: 4222540481155823}
  m_RootOrder: 5
  m_LocalEulerAnglesHint: {x: -89.99999, y: 2.035555E-13, z: -1.12996E-29}
