%YAML 1.1
%TAG !u! tag:unity3d.com,2011:
--- !u!1001 &100100000
Prefab:
  serializedVersion: 2
  m_Modification:
    m_TransformParent: {fileID: 0}
    m_Modifications: []
    m_RemovedComponents: []
  m_ParentPrefab: {fileID: 0}
  m_RootGameObject: {fileID: 1148778474860688}
  m_IsPrefabParent: 1
--- !u!1 &1148778474860688
GameObject:
  serializedVersion: 5
  m_Component:
  - component: {fileID: 4733764851037844}
  - component: {fileID: 114770598541561666}
  - component: {fileID: 82609563868087333}
  m_Layer: 0
  m_Name: low_BMO
  m_TagString: Untagged
  m_Icon: {fileID: 0}
  m_NavMeshLayer: 0
  m_StaticEditorFlags: 0
  m_IsActive: 1
--- !u!4 &4733764851037844
Transform:
  m_GameObject: {fileID: 1148778474860688}
  m_LocalRotation: {x: 0, y: 0, z: 0, w: 1}
  m_LocalPosition: {x: 0, y: 0, z: 0}
  m_LocalScale: {x: 1, y: 1, z: 1}
  m_Children:
  - {fileID: 4776123076264275}
  m_Father: {fileID: 0}
  m_RootOrder: 0
  m_LocalEulerAnglesHint: {x: 0, y: 0, z: 0}
--- !u!114 &114770598541561666
MonoBehaviour:
  m_GameObject: {fileID: 1148778474860688}
  m_Enabled: 1
  m_EditorHideFlags: 0
  m_Script: {fileID: 11500000, guid: f1301ae4a7b966f4c9f56b5de9594888, type: 3}
  m_Name:
  m_EditorClassIdentifier:
  OpeningClips:
  - {fileID: 8300000, guid: 5ac0a6bd4817cfa4a9048de9f583461b, type: 3}
  - {fileID: 8300000, guid: 31bd8108e07599c4f9f58b251e368f8c, type: 3}
  - {fileID: 0}
  - {fileID: 8300000, guid: 988f7624775c49546b909807a8b15418, type: 3}
  WinClips:
  - {fileID: 8300000, guid: 016eb189133452043831cc7e6dc48611, type: 3}
  - {fileID: 0}
  - {fileID: 8300000, guid: 568cb5483573ee449b5294c35bc80f1c, type: 3}
  - {fileID: 8300000, guid: 7f130c10082b87b4dabd0dce09645394, type: 3}
  - {fileID: 8300000, guid: 89c4fbbddab314e44b046f1bceb02357, type: 3}
  LoseClips:
  - {fileID: 8300000, guid: 2f824957fab45a34ca147a47ce5f9113, type: 3}
  - {fileID: 8300000, guid: ef7597e069622244bb89a97781d94086, type: 3}
  - {fileID: 8300000, guid: 1060da489fa02d543baf748abfadf145, type: 3}
  DestroyCreatureClips:
  - {fileID: 8300000, guid: 80e7055b3a1e65a4c888c7fbec12d198, type: 3}
  - {fileID: 0}
  - {fileID: 0}
  - {fileID: 0}
  - {fileID: 0}
  PlayCreatureClips:
  - {fileID: 0}
  - {fileID: 0}
  - {fileID: 8300000, guid: 9472f453e13c765498eb9474d11c2b0a, type: 3}
  - {fileID: 8300000, guid: 1c8df99abcbbadb489cb20bdefb6d113, type: 3}
  - {fileID: 8300000, guid: 0a648b8c13a86f9479a4a2b075c0a3f3, type: 3}
  PlayBuildingClips:
  - {fileID: 8300000, guid: 2e8cfdf944c041f4b87fad062ee364a2, type: 3}
  - {fileID: 0}
  - {fileID: 8300000, guid: d5e9ee44e2fb3c54a90f1c639cda3289, type: 3}
  - {fileID: 0}
  - {fileID: 8300000, guid: f6e3dabd4637bac42a72232b527da758, type: 3}
  PlaySpellClips:
  - {fileID: 8300000, guid: f6cce0d0edaca8843a0f079f3ad27ebe, type: 3}
  - {fileID: 8300000, guid: 02759abd364cb794ba387a9a5c38950d, type: 3}
  - {fileID: 8300000, guid: ed767b91f11235c43901deab72d91a7e, type: 3}
  - {fileID: 8300000, guid: 9c0c40df929bdda42a2e7e81201564cf, type: 3}
  - {fileID: 8300000, guid: c8c2529e01d8e0d488e6ba103cce416c, type: 3}
  CreatureDestroyedClips:
  - {fileID: 8300000, guid: 4c48dc7e2debbc54c8eb6171d074997f, type: 3}
  - {fileID: 8300000, guid: a2f19e41221eef54189c564afd7299f6, type: 3}
  - {fileID: 8300000, guid: 4e11f77dfa65aa847aceacedbb6753ed, type: 3}
  BuildingDestroyedClips:
  - {fileID: 0}
  - {fileID: 8300000, guid: 5422134318247ee43a51dabc200d8b7e, type: 3}
  - {fileID: 0}
  - {fileID: 8300000, guid: 5bab254041dc21c4bb21ff2490175414, type: 3}
  - {fileID: 8300000, guid: 7c79ae31987c95b46a713dc04fd0f76c, type: 3}
  FloopClips:
  - {fileID: 8300000, guid: 475a0fb251abd2d47b61cd1f38fe5e0b, type: 3}
  - {fileID: 8300000, guid: 5af8bb8707bf6c94eb6bdc75035d4af6, type: 3}
  - {fileID: 8300000, guid: 900573a248ebcf64ead26be9690fff9d, type: 3}
  - {fileID: 8300000, guid: 00a3f060f5d3d3642b312be9cd155b03, type: 3}
  - {fileID: 8300000, guid: 5ed85b4d3ddd5c04c9840d70badc4a06, type: 3}
  HeroDamagedClips:
  - {fileID: 8300000, guid: 6a6daa7c0472fd34db702c461c4d29b9, type: 3}
  - {fileID: 0}
  - {fileID: 0}
  LeaderAbilityClips:
  - {fileID: 8300000, guid: 5ed85b4d3ddd5c04c9840d70badc4a06, type: 3}
--- !u!82 &82609563868087333
AudioSource:
  m_GameObject: {fileID: 1148778474860688}
  m_Enabled: 1
  serializedVersion: 4
  OutputAudioMixerGroup: {fileID: 0}
  m_audioClip: {fileID: 0}
  m_PlayOnAwake: 1
  m_Volume: 1
  m_Pitch: 1
  Loop: 0
  Mute: 0
  Spatialize: 0
  SpatializePostEffects: 0
  Priority: 128
  DopplerLevel: 1
  MinDistance: 1
  MaxDistance: 500
  Pan2D: 0
  rolloffMode: 0
  BypassEffects: 0
  BypassListenerEffects: 0
  BypassReverbZones: 0
  rolloffCustomCurve:
    serializedVersion: 2
    m_Curve:
    - serializedVersion: 2
      time: 0
      value: 1
      inSlope: 0
      outSlope: 0
      tangentMode: 0
    - serializedVersion: 2
      time: 1
      value: 0
      inSlope: 0
      outSlope: 0
      tangentMode: 0
    m_PreInfinity: 2
    m_PostInfinity: 2
    m_RotationOrder: 0
  panLevelCustomCurve:
    serializedVersion: 2
    m_Curve:
    - serializedVersion: 2
      time: 0
      value: 0
      inSlope: 0
      outSlope: 0
      tangentMode: 0
    m_PreInfinity: 2
    m_PostInfinity: 2
    m_RotationOrder: 0
  spreadCustomCurve:
    serializedVersion: 2
    m_Curve:
    - serializedVersion: 2
      time: 0
      value: 0
      inSlope: 0
      outSlope: 0
      tangentMode: 0
    m_PreInfinity: 2
    m_PostInfinity: 2
    m_RotationOrder: 0
  reverbZoneMixCustomCurve:
    serializedVersion: 2
    m_Curve:
    - serializedVersion: 2
      time: 0
      value: 1
      inSlope: 0
      outSlope: 0
      tangentMode: 0
    m_PreInfinity: 2
    m_PostInfinity: 2
    m_RotationOrder: 0
--- !u!1 &1979116809733545
GameObject:
  serializedVersion: 5
  m_Component:
  - component: {fileID: 4776123076264275}
  - component: {fileID: 111879179646364856}
  m_Layer: 0
  m_Name: BMOCharacter
  m_TagString: Untagged
  m_Icon: {fileID: 0}
  m_NavMeshLayer: 0
  m_StaticEditorFlags: 0
  m_IsActive: 1
--- !u!4 &4776123076264275
Transform:
  m_GameObject: {fileID: 1979116809733545}
  m_LocalRotation: {x: 0, y: 0, z: 0, w: 1}
  m_LocalPosition: {x: 0, y: 0, z: 0}
  m_LocalScale: {x: 1, y: 1, z: 1}
  m_Children:
  - {fileID: 4183363162542603}
  - {fileID: 4357957776767320}
  - {fileID: 4874079500570890}
  - {fileID: 4770112481153883}
  - {fileID: 4556965885897630}
  - {fileID: 4680881518940049}
  m_Father: {fileID: 4733764851037844}
  m_RootOrder: 0
  m_LocalEulerAnglesHint: {x: 0, y: 0, z: 0}
--- !u!111 &111879179646364856
Animation:
  m_GameObject: {fileID: 1979116809733545}
  m_Enabled: 1
  serializedVersion: 3
  m_Animation: {fileID: 0}
  m_Animations:
  - {fileID: 7400000, guid: 30c169fde3de7a04288dfcf6acdcea53, type: 2}
  - {fileID: 7400000, guid: 07552f830e39d204aae5ed80a07c3d30, type: 2}
  - {fileID: 7400000, guid: 15fbd943f5d8a864793f2149259b5fbb, type: 2}
  - {fileID: 7400000, guid: 7e05aa86f74f65d47bf748be03fcf934, type: 2}
  - {fileID: 7400000, guid: 4eeb82b2727a1a0418b241edd6f0cc7b, type: 2}
  - {fileID: 7400000, guid: 1d12b653d7f625c42b4f308dff5c5ac2, type: 2}
  - {fileID: 7400000, guid: 7711529e2cd1a784dad6b654a1d73d6b, type: 2}
  - {fileID: 7400000, guid: e9cd624bffd320e4d9c2d7ddec15dade, type: 2}
  - {fileID: 7400000, guid: c963bc65f5cf21f44a88f3c72208c652, type: 2}
  - {fileID: 7400000, guid: 8cb874f77126b7f46a3bb0cf015153d0, type: 2}
  - {fileID: 7400000, guid: 23c3c96f7e13b4748a0e334f7e857946, type: 2}
  - {fileID: 7400000, guid: afb9266b91d0de24e97d98705e3ee56c, type: 2}
  - {fileID: 7400000, guid: c9aeca80316aa10479af6b3fcdf65a92, type: 2}
  - {fileID: 7400000, guid: 274ea46b289a6e04b826f82bfd12c5a0, type: 2}
  m_WrapMode: 0
  m_PlayAutomatically: 1
  m_AnimatePhysics: 0
  m_CullingType: 1
--- !u!1 &1665975742013558
GameObject:
  serializedVersion: 5
  m_Component:
  - component: {fileID: 4183363162542603}
  - component: {fileID: 137094068100265596}
  m_Layer: 0
  m_Name: BMO
  m_TagString: Untagged
  m_Icon: {fileID: 0}
  m_NavMeshLayer: 0
  m_StaticEditorFlags: 0
  m_IsActive: 1
--- !u!4 &4183363162542603
Transform:
  m_GameObject: {fileID: 1665975742013558}
  m_LocalRotation: {x: -0.7071068, y: 0, z: 0, w: 0.7071068}
  m_LocalPosition: {x: 0, y: 0, z: 0}
  m_LocalScale: {x: 1, y: 1, z: 1}
  m_Children: []
  m_Father: {fileID: 4776123076264275}
  m_RootOrder: 0
  m_LocalEulerAnglesHint: {x: -90, y: 0, z: 0}
--- !u!137 &137094068100265596
SkinnedMeshRenderer:
  m_GameObject: {fileID: 1665975742013558}
  m_Enabled: 1
  m_CastShadows: 1
  m_ReceiveShadows: 1
  m_DynamicOccludee: 1
  m_MotionVectors: 1
  m_LightProbeUsage: 0
  m_ReflectionProbeUsage: 1
  m_Materials:
  - {fileID: 2100000, guid: 23354942a76fe1940aa84710ce5c4704, type: 2}
  m_StaticBatchInfo:
    firstSubMesh: 0
    subMeshCount: 0
  m_StaticBatchRoot: {fileID: 0}
  m_ProbeAnchor: {fileID: 0}
  m_LightProbeVolumeOverride: {fileID: 0}
  m_ScaleInLightmap: 1
  m_PreserveUVs: 0
  m_IgnoreNormalsForChartDetection: 0
  m_ImportantGI: 0
  m_StitchLightmapSeams: 0
  m_SelectedEditorRenderState: 3
  m_MinimumChartSize: 4
  m_AutoUVMaxDistance: 0.5
  m_AutoUVMaxAngle: 89
  m_LightmapParameters: {fileID: 0}
  m_SortingLayerID: 0
  m_SortingLayer: 0
  m_SortingOrder: 0
  serializedVersion: 2
  m_Quality: 0
  m_UpdateWhenOffscreen: 0
  m_skinnedMotionVectors: 0
  m_Mesh: {fileID: 4300000, guid: 44a9d7a94cf3bf346a5661f6e0d493c2, type: 2}
  m_Bones:
  - {fileID: 4770112481153883}
  - {fileID: 4629578549782248}
  - {fileID: 4776385868066619}
  - {fileID: 4741996263075886}
  - {fileID: 4294228602828920}
  - {fileID: 4842125677417221}
  - {fileID: 4273923621108917}
  - {fileID: 4767786749982669}
  - {fileID: 4612168051343070}
  - {fileID: 4274531488148615}
  - {fileID: 4499710169812000}
  - {fileID: 4511378069783124}
  - {fileID: 4957475104930349}
  - {fileID: 4472086225135687}
  - {fileID: 4684773120948813}
  - {fileID: 4182642220399162}
  - {fileID: 4726793281998443}
  - {fileID: 4227600592550349}
  - {fileID: 4973701990353474}
  - {fileID: 4247027935363234}
  - {fileID: 4407558382554384}
  - {fileID: 4459749743296439}
  - {fileID: 4999419521531439}
  m_BlendShapeWeights: []
  m_RootBone: {fileID: 4770112481153883}
  m_AABB:
    m_Center: {x: -4.510117, y: 2.962746, z: 0.04389572}
    m_Extent: {x: 17.03428, y: 8.805262, z: 20.76247}
  m_DirtyAABB: 0
--- !u!1 &1377145848571074
GameObject:
  serializedVersion: 5
  m_Component:
  - component: {fileID: 4357957776767320}
  - component: {fileID: 137954003984324226}
  m_Layer: 0
  m_Name: BMO_Outline
  m_TagString: Untagged
  m_Icon: {fileID: 0}
  m_NavMeshLayer: 0
  m_StaticEditorFlags: 0
  m_IsActive: 1
--- !u!4 &4357957776767320
Transform:
  m_GameObject: {fileID: 1377145848571074}
  m_LocalRotation: {x: -0.7071068, y: 0, z: 0, w: 0.7071068}
  m_LocalPosition: {x: 0, y: 0, z: 0}
  m_LocalScale: {x: 1, y: 1, z: 1}
  m_Children: []
  m_Father: {fileID: 4776123076264275}
  m_RootOrder: 1
  m_LocalEulerAnglesHint: {x: -90, y: 0, z: 0}
--- !u!137 &137954003984324226
SkinnedMeshRenderer:
  m_GameObject: {fileID: 1377145848571074}
  m_Enabled: 1
  m_CastShadows: 1
  m_ReceiveShadows: 1
  m_DynamicOccludee: 1
  m_MotionVectors: 1
  m_LightProbeUsage: 0
  m_ReflectionProbeUsage: 1
  m_Materials:
  - {fileID: 2100000, guid: 23354942a76fe1940aa84710ce5c4704, type: 2}
  m_StaticBatchInfo:
    firstSubMesh: 0
    subMeshCount: 0
  m_StaticBatchRoot: {fileID: 0}
  m_ProbeAnchor: {fileID: 0}
  m_LightProbeVolumeOverride: {fileID: 0}
  m_ScaleInLightmap: 1
  m_PreserveUVs: 0
  m_IgnoreNormalsForChartDetection: 0
  m_ImportantGI: 0
  m_StitchLightmapSeams: 0
  m_SelectedEditorRenderState: 3
  m_MinimumChartSize: 4
  m_AutoUVMaxDistance: 0.5
  m_AutoUVMaxAngle: 89
  m_LightmapParameters: {fileID: 0}
  m_SortingLayerID: 0
  m_SortingLayer: 0
  m_SortingOrder: 0
  serializedVersion: 2
  m_Quality: 0
  m_UpdateWhenOffscreen: 0
  m_skinnedMotionVectors: 0
  m_Mesh: {fileID: 4300000, guid: 044ef47e7faef8444aade07986a77fcc, type: 2}
  m_Bones:
  - {fileID: 4770112481153883}
  - {fileID: 4274531488148615}
  - {fileID: 4499710169812000}
  - {fileID: 4511378069783124}
  - {fileID: 4957475104930349}
  - {fileID: 4472086225135687}
  - {fileID: 4684773120948813}
  - {fileID: 4182642220399162}
  - {fileID: 4726793281998443}
  - {fileID: 4612168051343070}
  - {fileID: 4767786749982669}
  - {fileID: 4294228602828920}
  - {fileID: 4741996263075886}
  - {fileID: 4842125677417221}
  - {fileID: 4273923621108917}
  - {fileID: 4629578549782248}
  - {fileID: 4227600592550349}
  - {fileID: 4973701990353474}
  - {fileID: 4407558382554384}
  - {fileID: 4247027935363234}
  - {fileID: 4459749743296439}
  - {fileID: 4999419521531439}
  - {fileID: 4776385868066619}
  m_BlendShapeWeights: []
  m_RootBone: {fileID: 4770112481153883}
  m_AABB:
    m_Center: {x: -4.481312, y: 2.966274, z: 0.04389191}
    m_Extent: {x: 17.22396, y: 9.018256, z: 20.963}
  m_DirtyAABB: 0
--- !u!1 &1735774073548116
GameObject:
  serializedVersion: 5
  m_Component:
  - component: {fileID: 4874079500570890}
  - component: {fileID: 137720575206248165}
  m_Layer: 0
  m_Name: M_MOUTH
  m_TagString: Untagged
  m_Icon: {fileID: 0}
  m_NavMeshLayer: 0
  m_StaticEditorFlags: 0
  m_IsActive: 1
--- !u!4 &4874079500570890
Transform:
  m_GameObject: {fileID: 1735774073548116}
  m_LocalRotation: {x: -0.7071068, y: 0, z: 0, w: 0.7071068}
  m_LocalPosition: {x: -0.1818566, y: 25.98247, z: 4.524233}
  m_LocalScale: {x: 1, y: 1, z: 1}
  m_Children: []
  m_Father: {fileID: 4776123076264275}
  m_RootOrder: 2
  m_LocalEulerAnglesHint: {x: -90, y: 0, z: 0}
--- !u!137 &137720575206248165
SkinnedMeshRenderer:
  m_GameObject: {fileID: 1735774073548116}
  m_Enabled: 1
  m_CastShadows: 1
  m_ReceiveShadows: 1
  m_DynamicOccludee: 1
  m_MotionVectors: 1
  m_LightProbeUsage: 0
  m_ReflectionProbeUsage: 1
  m_Materials:
  - {fileID: 2100000, guid: 53fb955674d19ce4ebe16f17145e8356, type: 2}
  m_StaticBatchInfo:
    firstSubMesh: 0
    subMeshCount: 0
  m_StaticBatchRoot: {fileID: 0}
  m_ProbeAnchor: {fileID: 0}
  m_LightProbeVolumeOverride: {fileID: 0}
  m_ScaleInLightmap: 1
  m_PreserveUVs: 0
  m_IgnoreNormalsForChartDetection: 0
  m_ImportantGI: 0
  m_StitchLightmapSeams: 0
  m_SelectedEditorRenderState: 3
  m_MinimumChartSize: 4
  m_AutoUVMaxDistance: 0.5
  m_AutoUVMaxAngle: 89
  m_LightmapParameters: {fileID: 0}
  m_SortingLayerID: 0
  m_SortingLayer: 0
  m_SortingOrder: 0
  serializedVersion: 2
  m_Quality: 0
  m_UpdateWhenOffscreen: 0
  m_skinnedMotionVectors: 0
  m_Mesh: {fileID: 4300000, guid: e8062834635e84e48bfba3578ba42954, type: 2}
  m_Bones:
  - {fileID: 4770112481153883}
  m_BlendShapeWeights: []
  m_RootBone: {fileID: 4770112481153883}
  m_AABB:
    m_Center: {x: -13.46214, y: 6.099362, z: 0.2257452}
    m_Extent: {x: 5.889769, y: 0.0205543, z: 7.446672}
  m_DirtyAABB: 0
--- !u!1 &1252837356861619
GameObject:
  serializedVersion: 5
  m_Component:
  - component: {fileID: 4770112481153883}
  m_Layer: 0
  m_Name: Puppet
  m_TagString: Untagged
  m_Icon: {fileID: 0}
  m_NavMeshLayer: 0
  m_StaticEditorFlags: 0
  m_IsActive: 1
--- !u!4 &4770112481153883
Transform:
  m_GameObject: {fileID: 1252837356861619}
  m_LocalRotation: {x: 0.4991272, y: -0.5008716, z: -0.4991269, w: 0.5008713}
  m_LocalPosition: {x: 0.04389191, y: 12.49913, z: -1.625538}
  m_LocalScale: {x: 1, y: 1, z: 0.9999999}
  m_Children:
  - {fileID: 4684773120948813}
  - {fileID: 4776385868066619}
  - {fileID: 4511378069783124}
  - {fileID: 4629578549782248}
  m_Father: {fileID: 4776123076264275}
  m_RootOrder: 3
  m_LocalEulerAnglesHint: {x: 90.00003, y: 0.1998958, z: 90}
--- !u!1 &1901958862909696
GameObject:
  serializedVersion: 5
  m_Component:
  - component: {fileID: 4684773120948813}
  m_Layer: 0
  m_Name: Puppet_L_Thigh
  m_TagString: Untagged
  m_Icon: {fileID: 0}
  m_NavMeshLayer: 0
  m_StaticEditorFlags: 0
  m_IsActive: 1
--- !u!4 &4684773120948813
Transform:
  m_GameObject: {fileID: 1901958862909696}
  m_LocalRotation: {x: -0.1016745, y: 0.9947069, z: -0.008293717, w: -0.0123172}
  m_LocalPosition: {x: 3.91453, y: 0.1960341, z: 5.807901}
  m_LocalScale: {x: 1, y: 1, z: 1}
  m_Children:
  - {fileID: 4472086225135687}
  m_Father: {fileID: 4770112481153883}
  m_RootOrder: 0
  m_LocalEulerAnglesHint: {x: -179.1978, y: 1.500778, z: 168.338}
--- !u!1 &1585388322033838
GameObject:
  serializedVersion: 5
  m_Component:
  - component: {fileID: 4472086225135687}
  m_Layer: 0
  m_Name: Puppet_L_Knee
  m_TagString: Untagged
  m_Icon: {fileID: 0}
  m_NavMeshLayer: 0
  m_StaticEditorFlags: 0
  m_IsActive: 1
--- !u!4 &4472086225135687
Transform:
  m_GameObject: {fileID: 1585388322033838}
  m_LocalRotation: {x: -0.01852836, y: 0.0009514899, z: 0.1021293, w: 0.9945982}
  m_LocalPosition: {x: -3.229733, y: 2.980232E-06, z: -1.907349E-06}
  m_LocalScale: {x: 0.9999999, y: 1, z: 1}
  m_Children:
  - {fileID: 4182642220399162}
  m_Father: {fileID: 4684773120948813}
  m_RootOrder: 0
  m_LocalEulerAnglesHint: {x: -2.101094, y: -0.3252857, z: -11.71965}
--- !u!1 &1020537345994063
GameObject:
  serializedVersion: 5
  m_Component:
  - component: {fileID: 4182642220399162}
  m_Layer: 0
  m_Name: Puppet_L_Calf
  m_TagString: Untagged
  m_Icon: {fileID: 0}
  m_NavMeshLayer: 0
  m_StaticEditorFlags: 0
  m_IsActive: 1
--- !u!4 &4182642220399162
Transform:
  m_GameObject: {fileID: 1020537345994063}
  m_LocalRotation: {x: 0.03043809, y: 0.006639904, z: 0.07492523, w: 0.9967024}
  m_LocalPosition: {x: -1.570337, y: 1.311302E-06, z: 0}
  m_LocalScale: {x: 1, y: 0.9999999, z: 1}
  m_Children:
  - {fileID: 4726793281998443}
  m_Father: {fileID: 4472086225135687}
  m_RootOrder: 0
  m_LocalEulerAnglesHint: {x: 3.535832, y: -0.4970388, z: -8.613375}
--- !u!1 &1532148500907861
GameObject:
  serializedVersion: 5
  m_Component:
  - component: {fileID: 4726793281998443}
  m_Layer: 0
  m_Name: Puppet_L_Foot
  m_TagString: Untagged
  m_Icon: {fileID: 0}
  m_NavMeshLayer: 0
  m_StaticEditorFlags: 0
  m_IsActive: 1
--- !u!4 &4726793281998443
Transform:
  m_GameObject: {fileID: 1532148500907861}
  m_LocalRotation: {x: -0.0005303692, y: -0.03097652, z: -0.7574627, w: 0.6521431}
  m_LocalPosition: {x: -2.933692, y: 7.987022E-06, z: -4.768372E-07}
  m_LocalScale: {x: 1, y: 0.9999999, z: 1}
  m_Children: []
  m_Father: {fileID: 4182642220399162}
  m_RootOrder: 0
  m_LocalEulerAnglesHint: {x: 2.652289, y: 2.361582, z: 98.60059}
--- !u!1 &1517076276320737
GameObject:
  serializedVersion: 5
  m_Component:
  - component: {fileID: 4776385868066619}
  m_Layer: 0
  m_Name: Puppet_L_UpperArm
  m_TagString: Untagged
  m_Icon: {fileID: 0}
  m_NavMeshLayer: 0
  m_StaticEditorFlags: 0
  m_IsActive: 1
--- !u!4 &4776385868066619
Transform:
  m_GameObject: {fileID: 1517076276320737}
  m_LocalRotation: {x: 0.7104651, y: -0.3294211, z: -0.6172534, w: -0.07562697}
  m_LocalPosition: {x: -2.795397, y: 0.1791977, z: 9.728662}
  m_LocalScale: {x: 0.9999997, y: 1, z: 0.9999997}
  m_Children:
  - {fileID: 4973701990353474}
  m_Father: {fileID: 4770112481153883}
  m_RootOrder: 1
  m_LocalEulerAnglesHint: {x: 127.1323, y: -67.95664, z: 86.79851}
--- !u!1 &1361433163654017
GameObject:
  serializedVersion: 5
  m_Component:
  - component: {fileID: 4973701990353474}
  m_Layer: 0
  m_Name: Puppet_L_UpperArm1
  m_TagString: Untagged
  m_Icon: {fileID: 0}
  m_NavMeshLayer: 0
  m_StaticEditorFlags: 0
  m_IsActive: 1
--- !u!4 &4973701990353474
Transform:
  m_GameObject: {fileID: 1361433163654017}
  m_LocalRotation: {x: -0.09447379, y: 0.04801454, z: 0.1348027, w: 0.9851891}
  m_LocalPosition: {x: -2.336193, y: 9.536743E-07, z: 9.536743E-07}
  m_LocalScale: {x: 1, y: 1, z: 1}
  m_Children:
  - {fileID: 4227600592550349}
  m_Father: {fileID: 4776385868066619}
  m_RootOrder: 0
  m_LocalEulerAnglesHint: {x: -10.04761, y: -6.896571, z: -14.97572}
--- !u!1 &1967609988004063
GameObject:
  serializedVersion: 5
  m_Component:
  - component: {fileID: 4227600592550349}
  m_Layer: 0
  m_Name: Puppet_L_UpperArm2
  m_TagString: Untagged
  m_Icon: {fileID: 0}
  m_NavMeshLayer: 0
  m_StaticEditorFlags: 0
  m_IsActive: 1
--- !u!4 &4227600592550349
Transform:
  m_GameObject: {fileID: 1967609988004063}
  m_LocalRotation: {x: -0.01168565, y: 0.0258515, z: 0.0471003, w: 0.9984872}
  m_LocalPosition: {x: -2.443414, y: 9.536743E-07, z: -9.536743E-07}
  m_LocalScale: {x: 1, y: 1, z: 0.9999999}
  m_Children:
  - {fileID: 4999419521531439}
  m_Father: {fileID: 4973701990353474}
  m_RootOrder: 0
  m_LocalEulerAnglesHint: {x: -1.199279, y: -3.022354, z: -5.369831}
--- !u!1 &1757371119798877
GameObject:
  serializedVersion: 5
  m_Component:
  - component: {fileID: 4999419521531439}
  m_Layer: 0
  m_Name: Puppet_L_Forearm
  m_TagString: Untagged
  m_Icon: {fileID: 0}
  m_NavMeshLayer: 0
  m_StaticEditorFlags: 0
  m_IsActive: 1
--- !u!4 &4999419521531439
Transform:
  m_GameObject: {fileID: 1757371119798877}
  m_LocalRotation: {x: 0.007637054, y: 0.01719112, z: 0.03044385, w: 0.9993595}
  m_LocalPosition: {x: -2.367496, y: 0, z: 0}
  m_LocalScale: {x: 0.9999999, y: 0.9999999, z: 1}
  m_Children:
  - {fileID: 4459749743296439}
  m_Father: {fileID: 4227600592550349}
  m_RootOrder: 0
  m_LocalEulerAnglesHint: {x: 0.9351333, y: -1.942425, z: -3.505619}
--- !u!1 &1603560130893253
GameObject:
  serializedVersion: 5
  m_Component:
  - component: {fileID: 4459749743296439}
  m_Layer: 0
  m_Name: Puppet_L_Forearm1
  m_TagString: Untagged
  m_Icon: {fileID: 0}
  m_NavMeshLayer: 0
  m_StaticEditorFlags: 0
  m_IsActive: 1
--- !u!4 &4459749743296439
Transform:
  m_GameObject: {fileID: 1603560130893253}
  m_LocalRotation: {x: 0.0431474, y: 0.02248891, z: 0.06150896, w: 0.9969199}
  m_LocalPosition: {x: -2.204202, y: 1.907349E-06, z: 9.536743E-07}
  m_LocalScale: {x: 1, y: 1, z: 1}
  m_Children:
  - {fileID: 4247027935363234}
  m_Father: {fileID: 4999419521531439}
  m_RootOrder: 0
  m_LocalEulerAnglesHint: {x: 5.098314, y: -2.265571, z: -7.162111}
--- !u!1 &1838104105606942
GameObject:
  serializedVersion: 5
  m_Component:
  - component: {fileID: 4247027935363234}
  m_Layer: 0
  m_Name: Puppet_L_Forearm2
  m_TagString: Untagged
  m_Icon: {fileID: 0}
  m_NavMeshLayer: 0
  m_StaticEditorFlags: 0
  m_IsActive: 1
--- !u!4 &4247027935363234
Transform:
  m_GameObject: {fileID: 1838104105606942}
  m_LocalRotation: {x: 0.05213306, y: 0.03348311, z: 0.05149218, w: 0.9967495}
  m_LocalPosition: {x: -1.874784, y: 0, z: -1.907349E-06}
  m_LocalScale: {x: 1, y: 0.9999999, z: 0.9999999}
  m_Children:
  - {fileID: 4407558382554384}
  m_Father: {fileID: 4459749743296439}
  m_RootOrder: 0
  m_LocalEulerAnglesHint: {x: 6.175733, y: -3.519007, z: -6.104448}
--- !u!1 &1849447239851213
GameObject:
  serializedVersion: 5
  m_Component:
  - component: {fileID: 4407558382554384}
  m_Layer: 0
  m_Name: Puppet_L_Hand
  m_TagString: Untagged
  m_Icon: {fileID: 0}
  m_NavMeshLayer: 0
  m_StaticEditorFlags: 0
  m_IsActive: 1
--- !u!4 &4407558382554384
Transform:
  m_GameObject: {fileID: 1849447239851213}
  m_LocalRotation: {x: 0.4572172, y: 0.02451759, z: 0.0143374, w: 0.8889015}
  m_LocalPosition: {x: -1.59419, y: 0, z: 0}
  m_LocalScale: {x: 1, y: 1, z: 1}
  m_Children: []
  m_Father: {fileID: 4247027935363234}
  m_RootOrder: 0
  m_LocalEulerAnglesHint: {x: 54.48103, y: -1.746464, z: -2.747301}
--- !u!1 &1696244413119531
GameObject:
  serializedVersion: 5
  m_Component:
  - component: {fileID: 4511378069783124}
  m_Layer: 0
  m_Name: Puppet_R_Thigh
  m_TagString: Untagged
  m_Icon: {fileID: 0}
  m_NavMeshLayer: 0
  m_StaticEditorFlags: 0
  m_IsActive: 1
--- !u!4 &4511378069783124
Transform:
  m_GameObject: {fileID: 1696244413119531}
  m_LocalRotation: {x: -0.1016731, y: 0.994707, z: 0.008293735, w: 0.01231804}
  m_LocalPosition: {x: 3.91453, y: 0.1960341, z: -5.679679}
  m_LocalScale: {x: 1, y: 1, z: 1}
  m_Children:
  - {fileID: 4499710169812000}
  m_Father: {fileID: 4770112481153883}
  m_RootOrder: 2
  m_LocalEulerAnglesHint: {x: 179.1978, y: -1.500873, z: 168.3382}
--- !u!1 &1934712105821180
GameObject:
  serializedVersion: 5
  m_Component:
  - component: {fileID: 4499710169812000}
  m_Layer: 0
  m_Name: Puppet_R_Knee
  m_TagString: Untagged
  m_Icon: {fileID: 0}
  m_NavMeshLayer: 0
  m_StaticEditorFlags: 0
  m_IsActive: 1
--- !u!4 &4499710169812000
Transform:
  m_GameObject: {fileID: 1934712105821180}
  m_LocalRotation: {x: 0.0185283, y: -0.0009502, z: 0.102119, w: 0.9945992}
  m_LocalPosition: {x: -3.229734, y: 2.503395E-06, z: 1.907349E-06}
  m_LocalScale: {x: 0.9999999, y: 1, z: 0.9999999}
  m_Children:
  - {fileID: 4274531488148615}
  m_Father: {fileID: 4511378069783124}
  m_RootOrder: 0
  m_LocalEulerAnglesHint: {x: 2.101105, y: 0.3251163, z: -11.71847}
--- !u!1 &1572409136778762
GameObject:
  serializedVersion: 5
  m_Component:
  - component: {fileID: 4274531488148615}
  m_Layer: 0
  m_Name: Puppet_R_Calf
  m_TagString: Untagged
  m_Icon: {fileID: 0}
  m_NavMeshLayer: 0
  m_StaticEditorFlags: 0
  m_IsActive: 1
--- !u!4 &4274531488148615
Transform:
  m_GameObject: {fileID: 1572409136778762}
  m_LocalRotation: {x: -0.03040829, y: -0.006643454, z: 0.07492782, w: 0.9967031}
  m_LocalPosition: {x: -1.570336, y: 1.192093E-06, z: 0}
  m_LocalScale: {x: 1, y: 0.9999999, z: 1}
  m_Children:
  - {fileID: 4957475104930349}
  m_Father: {fileID: 4499710169812000}
  m_RootOrder: 0
  m_LocalEulerAnglesHint: {x: -3.532457, y: 0.4976916, z: -8.613671}
--- !u!1 &1973790450259669
GameObject:
  serializedVersion: 5
  m_Component:
  - component: {fileID: 4957475104930349}
  m_Layer: 0
  m_Name: Puppet_R_Foot
  m_TagString: Untagged
  m_Icon: {fileID: 0}
  m_NavMeshLayer: 0
  m_StaticEditorFlags: 0
  m_IsActive: 1
--- !u!4 &4957475104930349
Transform:
  m_GameObject: {fileID: 1973790450259669}
  m_LocalRotation: {x: 0.0005073322, y: 0.03095737, z: -0.7574593, w: 0.6521479}
  m_LocalPosition: {x: -2.933693, y: 8.225441E-06, z: -9.536743E-07}
  m_LocalScale: {x: 1, y: 0.9999999, z: 0.9999999}
  m_Children: []
  m_Father: {fileID: 4274531488148615}
  m_RootOrder: 0
  m_LocalEulerAnglesHint: {x: -2.65233, y: -2.358165, z: 98.59983}
--- !u!1 &1600979495225624
GameObject:
  serializedVersion: 5
  m_Component:
  - component: {fileID: 4629578549782248}
  m_Layer: 0
  m_Name: Puppet_R_UpperArm
  m_TagString: Untagged
  m_Icon: {fileID: 0}
  m_NavMeshLayer: 0
  m_StaticEditorFlags: 0
  m_IsActive: 1
--- !u!4 &4629578549782248
Transform:
  m_GameObject: {fileID: 1600979495225624}
  m_LocalRotation: {x: -0.3827544, y: -0.3748241, z: -0.5983058, w: 0.5958491}
  m_LocalPosition: {x: -2.79318, y: 0.1270753, z: -9.740766}
  m_LocalScale: {x: 1, y: 0.9999999, z: 1}
  m_Children:
  - {fileID: 4767786749982669}
  m_Father: {fileID: 4770112481153883}
  m_RootOrder: 3
  m_LocalEulerAnglesHint: {x: -1.023222, y: 64.78096, z: 89.58662}
--- !u!1 &1588092281625225
GameObject:
  serializedVersion: 5
  m_Component:
  - component: {fileID: 4767786749982669}
  m_Layer: 0
  m_Name: Puppet_R_UpperArm1
  m_TagString: Untagged
  m_Icon: {fileID: 0}
  m_NavMeshLayer: 0
  m_StaticEditorFlags: 0
  m_IsActive: 1
--- !u!4 &4767786749982669
Transform:
  m_GameObject: {fileID: 1588092281625225}
  m_LocalRotation: {x: 0.001368077, y: 0.114423, z: -0.003035921, w: 0.9934266}
  m_LocalPosition: {x: -2.420087, y: 9.536743E-07, z: -4.768372E-07}
  m_LocalScale: {x: 1, y: 1, z: 1}
  m_Children:
  - {fileID: 4612168051343070}
  m_Father: {fileID: 4629578549782248}
  m_RootOrder: 0
  m_LocalEulerAnglesHint: {x: 0.1190504, y: -13.1411, z: 0.3364792}
--- !u!1 &1513653633782000
GameObject:
  serializedVersion: 5
  m_Component:
  - component: {fileID: 4612168051343070}
  m_Layer: 0
  m_Name: Puppet_R_UpperArm2
  m_TagString: Untagged
  m_Icon: {fileID: 0}
  m_NavMeshLayer: 0
  m_StaticEditorFlags: 0
  m_IsActive: 1
--- !u!4 &4612168051343070
Transform:
  m_GameObject: {fileID: 1513653633782000}
  m_LocalRotation: {x: 0.0009979124, y: 0.04443701, z: -0.004800678, w: 0.9990002}
  m_LocalPosition: {x: -2.497018, y: -9.536743E-07, z: -1.430511E-06}
  m_LocalScale: {x: 1, y: 0.9999999, z: 0.9999999}
  m_Children:
  - {fileID: 4273923621108917}
  m_Father: {fileID: 4767786749982669}
  m_RootOrder: 0
  m_LocalEulerAnglesHint: {x: 0.09014856, y: -5.094274, z: 0.5466532}
--- !u!1 &1519770624901056
GameObject:
  serializedVersion: 5
  m_Component:
  - component: {fileID: 4273923621108917}
  m_Layer: 0
  m_Name: Puppet_R_Forearm
  m_TagString: Untagged
  m_Icon: {fileID: 0}
  m_NavMeshLayer: 0
  m_StaticEditorFlags: 0
  m_IsActive: 1
--- !u!4 &4273923621108917
Transform:
  m_GameObject: {fileID: 1519770624901056}
  m_LocalRotation: {x: -2.991709E-05, y: 0.05024979, z: -0.0003594961, w: 0.9987366}
  m_LocalPosition: {x: -2.190696, y: 9.536743E-07, z: -9.536743E-07}
  m_LocalScale: {x: 1, y: 1, z: 1}
  m_Children:
  - {fileID: 4842125677417221}
  m_Father: {fileID: 4612168051343070}
  m_RootOrder: 0
  m_LocalEulerAnglesHint: {x: -0.005521852, y: -5.760626, z: 0.04152515}
--- !u!1 &1058367047775639
GameObject:
  serializedVersion: 5
  m_Component:
  - component: {fileID: 4842125677417221}
  m_Layer: 0
  m_Name: Puppet_R_Forearm1
  m_TagString: Untagged
  m_Icon: {fileID: 0}
  m_NavMeshLayer: 0
  m_StaticEditorFlags: 0
  m_IsActive: 1
--- !u!4 &4842125677417221
Transform:
  m_GameObject: {fileID: 1058367047775639}
  m_LocalRotation: {x: 0.003829671, y: 0.08392421, z: 0.01173478, w: 0.9963957}
  m_LocalPosition: {x: -2.213836, y: 9.536743E-07, z: 0}
  m_LocalScale: {x: 1, y: 1, z: 1}
  m_Children:
  - {fileID: 4741996263075886}
  m_Father: {fileID: 4273923621108917}
  m_RootOrder: 0
  m_LocalEulerAnglesHint: {x: 0.5579787, y: -9.622362, z: -1.396473}
--- !u!1 &1740339691727505
GameObject:
  serializedVersion: 5
  m_Component:
  - component: {fileID: 4741996263075886}
  m_Layer: 0
  m_Name: Puppet_R_Forearm2
  m_TagString: Untagged
  m_Icon: {fileID: 0}
  m_NavMeshLayer: 0
  m_StaticEditorFlags: 0
  m_IsActive: 1
--- !u!4 &4741996263075886
Transform:
  m_GameObject: {fileID: 1740339691727505}
  m_LocalRotation: {x: -0.007018749, y: -0.01059767, z: -0.0123625, w: 0.9998428}
  m_LocalPosition: {x: -1.910479, y: 0, z: 0}
  m_LocalScale: {x: 1, y: 1, z: 1}
  m_Children:
  - {fileID: 4294228602828920}
  m_Father: {fileID: 4842125677417221}
  m_RootOrder: 0
  m_LocalEulerAnglesHint: {x: -0.789355, y: 1.224249, z: 1.408355}
--- !u!1 &1827966352907127
GameObject:
  serializedVersion: 5
  m_Component:
  - component: {fileID: 4294228602828920}
  m_Layer: 0
  m_Name: Puppet_R_Hand
  m_TagString: Untagged
  m_Icon: {fileID: 0}
  m_NavMeshLayer: 0
  m_StaticEditorFlags: 0
  m_IsActive: 1
--- !u!4 &4294228602828920
Transform:
  m_GameObject: {fileID: 1827966352907127}
  m_LocalRotation: {x: 0.9969649, y: 0.002588074, z: -0.07427751, w: -0.02317586}
  m_LocalPosition: {x: -1.558304, y: -9.536743E-07, z: -9.536743E-07}
  m_LocalScale: {x: 1, y: 1, z: 1}
  m_Children:
  - {fileID: 4203440840046426}
  m_Father: {fileID: 4741996263075886}
  m_RootOrder: 0
  m_LocalEulerAnglesHint: {x: -177.2995, y: -8.510125, z: -0.4984285}
--- !u!1 &1575723542277446
GameObject:
  serializedVersion: 5
  m_Component:
  - component: {fileID: 4203440840046426}
  m_Layer: 0
  m_Name: Puppet_CardPlay
  m_TagString: Untagged
  m_Icon: {fileID: 0}
  m_NavMeshLayer: 0
  m_StaticEditorFlags: 0
  m_IsActive: 1
--- !u!4 &4203440840046426
Transform:
  m_GameObject: {fileID: 1575723542277446}
  m_LocalRotation: {x: 0.3757379, y: -0.5818694, z: 0.6031067, w: 0.3956151}
  m_LocalPosition: {x: -5.080207, y: -1.91523, z: -3.13218}
  m_LocalScale: {x: 0.9999992, y: 0.9999991, z: 0.9999993}
  m_Children: []
  m_Father: {fileID: 4294228602828920}
  m_RootOrder: 0
  m_LocalEulerAnglesHint: {x: -84.28356, y: 66.00948, z: -174.3632}
--- !u!1 &1018811570947104
GameObject:
  serializedVersion: 5
  m_Component:
  - component: {fileID: 4556965885897630}
  m_Layer: 0
  m_Name: Puppet_BMO_CardsHand
  m_TagString: Untagged
  m_Icon: {fileID: 0}
  m_NavMeshLayer: 0
  m_StaticEditorFlags: 0
  m_IsActive: 1
--- !u!4 &4556965885897630
Transform:
  m_GameObject: {fileID: 1018811570947104}
  m_LocalRotation: {x: -0.001550985, y: 0.7143924, z: 0.6996574, w: 0.0109871}
  m_LocalPosition: {x: -17.04887, y: 13.41457, z: 12.58722}
  m_LocalScale: {x: 0.9999998, y: 1.000001, z: 1}
  m_Children: []
  m_Father: {fileID: 4776123076264275}
  m_RootOrder: 4
  m_LocalEulerAnglesHint: {x: 91.18732, y: -1.023845, z: -179.2459}
--- !u!1 &1035857509548067
GameObject:
  serializedVersion: 5
  m_Component:
  - component: {fileID: 4680881518940049}
  m_Layer: 0
  m_Name: Puppet_Root
  m_TagString: Untagged
  m_Icon: {fileID: 0}
  m_NavMeshLayer: 0
  m_StaticEditorFlags: 0
  m_IsActive: 1
--- !u!4 &4680881518940049
Transform:
  m_GameObject: {fileID: 1035857509548067}
  m_LocalRotation: {x: -0.7071068, y: -1.256074E-15, z: -1.256074E-15, w: 0.7071069}
  m_LocalPosition: {x: 0.04389076, y: 0, z: 0.01076241}
  m_LocalScale: {x: 1, y: 1, z: 1}
  m_Children: []
  m_Father: {fileID: 4776123076264275}
  m_RootOrder: 5
  m_LocalEulerAnglesHint: {x: -89.99999, y: 2.035555E-13, z: -1.12996E-29}
