%YAML 1.1
%TAG !u! tag:unity3d.com,2011:
--- !u!1001 &100100000
Prefab:
  serializedVersion: 2
  m_Modification:
    m_TransformParent: {fileID: 0}
    m_Modifications: []
    m_RemovedComponents: []
  m_ParentPrefab: {fileID: 0}
  m_RootGameObject: {fileID: 1324579173819162}
  m_IsPrefabParent: 1
--- !u!1 &1324579173819162
GameObject:
  serializedVersion: 5
  m_Component:
  - component: {fileID: 4767720298010757}
  - component: {fileID: 114612201116048939}
  - component: {fileID: 82487892603108404}
  m_Layer: 0
  m_Name: Marceline
  m_TagString: Untagged
  m_Icon: {fileID: 0}
  m_NavMeshLayer: 0
  m_StaticEditorFlags: 0
  m_IsActive: 1
--- !u!4 &4767720298010757
Transform:
  m_GameObject: {fileID: 1324579173819162}
  m_LocalRotation: {x: 0, y: 0, z: 0, w: 1}
  m_LocalPosition: {x: 0, y: 0, z: 0}
  m_LocalScale: {x: 1, y: 1, z: 1}
  m_Children:
  - {fileID: 4996453120198855}
  m_Father: {fileID: 0}
  m_RootOrder: 0
  m_LocalEulerAnglesHint: {x: 0, y: 0, z: 0}
--- !u!114 &114612201116048939
MonoBehaviour:
  m_GameObject: {fileID: 1324579173819162}
  m_Enabled: 1
  m_EditorHideFlags: 0
  m_Script: {fileID: 11500000, guid: f1301ae4a7b966f4c9f56b5de9594888, type: 3}
  m_Name:
  m_EditorClassIdentifier:
  OpeningClips:
  - {fileID: 0}
  - {fileID: 0}
  - {fileID: 8300000, guid: 272e0d87d7c113341810b9a3a69a9151, type: 3}
  WinClips:
  - {fileID: 8300000, guid: bf5a131aa009ef34ba89fe06953d9679, type: 3}
  - {fileID: 0}
  - {fileID: 0}
  LoseClips:
  - {fileID: 0}
  - {fileID: 8300000, guid: bdcb388f613832d468864df0e5e041c1, type: 3}
  - {fileID: 8300000, guid: 17d834e7b5ae95645874f46a4b809429, type: 3}
  - {fileID: 0}
  DestroyCreatureClips:
  - {fileID: 0}
  - {fileID: 0}
  - {fileID: 0}
  - {fileID: 8300000, guid: cd002d976f559af4593a96857b2ad38d, type: 3}
  - {fileID: 8300000, guid: 5777832c04df3904fa070ddadc34dbe4, type: 3}
  PlayCreatureClips:
  - {fileID: 0}
  - {fileID: 8300000, guid: dd0ea47ca3b1eb74b8f6f158fca671a6, type: 3}
  - {fileID: 8300000, guid: 8667ae605bca0e9469f26a3aa7befdcd, type: 3}
  PlayBuildingClips:
  - {fileID: 0}
  - {fileID: 8300000, guid: 706833aca4d09314ab2fbacf88375fb1, type: 3}
  - {fileID: 0}
  - {fileID: 0}
  - {fileID: 8300000, guid: 197c299de2eef384bab4dab1b8ac8f6f, type: 3}
  PlaySpellClips:
  - {fileID: 0}
  - {fileID: 0}
  - {fileID: 0}
  - {fileID: 0}
  - {fileID: 0}
  CreatureDestroyedClips:
  - {fileID: 8300000, guid: bbd628c10a22e134abc0228184859559, type: 3}
  - {fileID: 0}
  - {fileID: 0}
  - {fileID: 0}
  BuildingDestroyedClips:
  - {fileID: 8300000, guid: 99bb4994ad80b9b43b8ec8f858a04c93, type: 3}
  - {fileID: 8300000, guid: d5812723b1b7a3041959149ddac562ad, type: 3}
  - {fileID: 8300000, guid: b18c12712d2bef74498990f06401d449, type: 3}
  - {fileID: 0}
  - {fileID: 8300000, guid: 0bb835628bd0af94eb33a9f4d5a1992c, type: 3}
  FloopClips:
  - {fileID: 8300000, guid: 0dba2a3c04334d34484e464d8d716b05, type: 3}
  - {fileID: 8300000, guid: a89469a38599951419ec50d4facc6b2b, type: 3}
  - {fileID: 0}
  - {fileID: 0}
  - {fileID: 8300000, guid: 0a39c4d3fa447ba4eab5a98693f003d2, type: 3}
  HeroDamagedClips:
  - {fileID: 0}
  - {fileID: 8300000, guid: 4e6885467bd1f4a40a17656788b83993, type: 3}
  - {fileID: 8300000, guid: fd80ceb36954f894ea1eca538216cd78, type: 3}
  - {fileID: 0}
  - {fileID: 8300000, guid: a794bc23ac8c1e94dae0aedf55ebb653, type: 3}
  LeaderAbilityClips:
  - {fileID: 0}
--- !u!82 &82487892603108404
AudioSource:
  m_GameObject: {fileID: 1324579173819162}
  m_Enabled: 1
  serializedVersion: 4
  OutputAudioMixerGroup: {fileID: 0}
  m_audioClip: {fileID: 0}
  m_PlayOnAwake: 1
  m_Volume: 1
  m_Pitch: 1
  Loop: 0
  Mute: 0
  Spatialize: 0
  SpatializePostEffects: 0
  Priority: 128
  DopplerLevel: 1
  MinDistance: 1
  MaxDistance: 500
  Pan2D: 0
  rolloffMode: 0
  BypassEffects: 0
  BypassListenerEffects: 0
  BypassReverbZones: 0
  rolloffCustomCurve:
    serializedVersion: 2
    m_Curve:
    - serializedVersion: 2
      time: 0
      value: 1
      inSlope: 0
      outSlope: 0
      tangentMode: 0
    - serializedVersion: 2
      time: 1
      value: 0
      inSlope: 0
      outSlope: 0
      tangentMode: 0
    m_PreInfinity: 2
    m_PostInfinity: 2
    m_RotationOrder: 0
  panLevelCustomCurve:
    serializedVersion: 2
    m_Curve:
    - serializedVersion: 2
      time: 0
      value: 0
      inSlope: 0
      outSlope: 0
      tangentMode: 0
    m_PreInfinity: 2
    m_PostInfinity: 2
    m_RotationOrder: 0
  spreadCustomCurve:
    serializedVersion: 2
    m_Curve:
    - serializedVersion: 2
      time: 0
      value: 0
      inSlope: 0
      outSlope: 0
      tangentMode: 0
    m_PreInfinity: 2
    m_PostInfinity: 2
    m_RotationOrder: 0
  reverbZoneMixCustomCurve:
    serializedVersion: 2
    m_Curve:
    - serializedVersion: 2
      time: 0
      value: 1
      inSlope: 0
      outSlope: 0
      tangentMode: 0
    m_PreInfinity: 2
    m_PostInfinity: 2
    m_RotationOrder: 0
--- !u!1 &1426761517877695
GameObject:
  serializedVersion: 5
  m_Component:
  - component: {fileID: 4996453120198855}
  - component: {fileID: 111379124846048836}
  m_Layer: 0
  m_Name: MarcelineCharacter
  m_TagString: Untagged
  m_Icon: {fileID: 0}
  m_NavMeshLayer: 0
  m_StaticEditorFlags: 0
  m_IsActive: 1
--- !u!4 &4996453120198855
Transform:
  m_GameObject: {fileID: 1426761517877695}
  m_LocalRotation: {x: 0, y: 0, z: 0, w: 1}
  m_LocalPosition: {x: 0, y: 0, z: 0}
  m_LocalScale: {x: 1, y: 1, z: 1}
  m_Children:
  - {fileID: 4561451385080775}
  - {fileID: 4152623363514267}
  - {fileID: 4871312815417262}
  - {fileID: 4390850539044991}
  - {fileID: 4753141005878055}
  m_Father: {fileID: 4767720298010757}
  m_RootOrder: 0
  m_LocalEulerAnglesHint: {x: 0, y: 0, z: 0}
--- !u!111 &111379124846048836
Animation:
  m_GameObject: {fileID: 1426761517877695}
  m_Enabled: 1
  serializedVersion: 3
  m_Animation: {fileID: 0}
  m_Animations:
  - {fileID: 7400000, guid: daff4429afff20643a08db7c6850f340, type: 2}
  - {fileID: 7400000, guid: 585cb2bf005058941a934ae6edf24ac5, type: 2}
  - {fileID: 7400000, guid: cec7e31c1c4881b439a63c28c0b92ade, type: 2}
  - {fileID: 7400000, guid: a8dcce8bf72354c4c9f178b15e9ec404, type: 2}
  - {fileID: 7400000, guid: a002ec012873ee949a55adf04ba941e6, type: 2}
  - {fileID: 7400000, guid: f5f71ad938fefbc41b52305b12285b8a, type: 2}
  - {fileID: 7400000, guid: 5e4169cde601603408f2b97d2f6a6613, type: 2}
  - {fileID: 7400000, guid: a9197d43983458e46b3e214cf6d36da4, type: 2}
  - {fileID: 7400000, guid: c66e22bfd2c738e43855e894a306041f, type: 2}
  - {fileID: 7400000, guid: 810107a54b15e3340b66bf76266c656c, type: 2}
  - {fileID: 7400000, guid: 45c30efd904fd394eb23dea0bae8c88e, type: 2}
  - {fileID: 7400000, guid: c8b4249a0e8c61f4c8b4f0b3a943f279, type: 2}
  - {fileID: 7400000, guid: ab20351241bb6a24bb5db6d2a2445126, type: 2}
  m_WrapMode: 0
  m_PlayAutomatically: 1
  m_AnimatePhysics: 0
  m_CullingType: 1
--- !u!1 &1646544166141525
GameObject:
  serializedVersion: 5
  m_Component:
  - component: {fileID: 4561451385080775}
  - component: {fileID: 137492496244170109}
  m_Layer: 0
  m_Name: M_MOUTH
  m_TagString: Untagged
  m_Icon: {fileID: 0}
  m_NavMeshLayer: 0
  m_StaticEditorFlags: 0
  m_IsActive: 1
--- !u!4 &4561451385080775
Transform:
  m_GameObject: {fileID: 1646544166141525}
  m_LocalRotation: {x: -0.7071068, y: 0, z: 0, w: 0.7071068}
  m_LocalPosition: {x: 4.099754E-07, y: -4.099754E-07, z: 12.07707}
  m_LocalScale: {x: 1, y: 1, z: 1}
  m_Children: []
  m_Father: {fileID: 4996453120198855}
  m_RootOrder: 0
  m_LocalEulerAnglesHint: {x: -90, y: 0, z: 0}
--- !u!137 &137492496244170109
SkinnedMeshRenderer:
  m_GameObject: {fileID: 1646544166141525}
  m_Enabled: 1
  m_CastShadows: 1
  m_ReceiveShadows: 1
  m_DynamicOccludee: 1
  m_MotionVectors: 1
  m_LightProbeUsage: 0
  m_ReflectionProbeUsage: 1
  m_Materials:
  - {fileID: 2100000, guid: efa782dda14b20549ba75d1c57c783e8, type: 2}
  m_StaticBatchInfo:
    firstSubMesh: 0
    subMeshCount: 0
  m_StaticBatchRoot: {fileID: 0}
  m_ProbeAnchor: {fileID: 0}
  m_LightProbeVolumeOverride: {fileID: 0}
  m_ScaleInLightmap: 1
  m_PreserveUVs: 0
  m_IgnoreNormalsForChartDetection: 0
  m_ImportantGI: 0
  m_StitchLightmapSeams: 0
  m_SelectedEditorRenderState: 3
  m_MinimumChartSize: 4
  m_AutoUVMaxDistance: 0.5
  m_AutoUVMaxAngle: 89
  m_LightmapParameters: {fileID: 0}
  m_SortingLayerID: 0
  m_SortingLayer: 0
  m_SortingOrder: 0
  serializedVersion: 2
  m_Quality: 0
  m_UpdateWhenOffscreen: 0
  m_skinnedMotionVectors: 0
  m_Mesh: {fileID: 4300000, guid: fd4677449b7d4414ab96f7bfe09bbb02, type: 2}
  m_Bones:
  - {fileID: 4231751379361651}
  m_BlendShapeWeights: []
  m_RootBone: {fileID: 4231751379361651}
  m_AABB:
    m_Center: {x: -9.799994, y: 4.413869, z: 0.0004007816}
    m_Extent: {x: 5.218489, y: 2.033678, z: 5.165542}
  m_DirtyAABB: 0
--- !u!1 &1915458732148340
GameObject:
  serializedVersion: 5
  m_Component:
  - component: {fileID: 4152623363514267}
  - component: {fileID: 137683008274394733}
  m_Layer: 0
  m_Name: Marcecline
  m_TagString: Untagged
  m_Icon: {fileID: 0}
  m_NavMeshLayer: 0
  m_StaticEditorFlags: 0
  m_IsActive: 1
--- !u!4 &4152623363514267
Transform:
  m_GameObject: {fileID: 1915458732148340}
  m_LocalRotation: {x: -0.7071068, y: 0, z: 0, w: 0.7071068}
  m_LocalPosition: {x: 4.099754E-07, y: -4.099754E-07, z: 12.07707}
  m_LocalScale: {x: 1, y: 1, z: 1}
  m_Children: []
  m_Father: {fileID: 4996453120198855}
  m_RootOrder: 1
  m_LocalEulerAnglesHint: {x: -90, y: 0, z: 0}
--- !u!137 &137683008274394733
SkinnedMeshRenderer:
  m_GameObject: {fileID: 1915458732148340}
  m_Enabled: 1
  m_CastShadows: 1
  m_ReceiveShadows: 1
  m_DynamicOccludee: 1
  m_MotionVectors: 1
  m_LightProbeUsage: 0
  m_ReflectionProbeUsage: 1
  m_Materials:
  - {fileID: 2100000, guid: 5c942c2ec7bc14f4e895fabd52fa39fc, type: 2}
  m_StaticBatchInfo:
    firstSubMesh: 0
    subMeshCount: 0
  m_StaticBatchRoot: {fileID: 0}
  m_ProbeAnchor: {fileID: 0}
  m_LightProbeVolumeOverride: {fileID: 0}
  m_ScaleInLightmap: 1
  m_PreserveUVs: 0
  m_IgnoreNormalsForChartDetection: 0
  m_ImportantGI: 0
  m_StitchLightmapSeams: 0
  m_SelectedEditorRenderState: 3
  m_MinimumChartSize: 4
  m_AutoUVMaxDistance: 0.5
  m_AutoUVMaxAngle: 89
  m_LightmapParameters: {fileID: 0}
  m_SortingLayerID: 0
  m_SortingLayer: 0
  m_SortingOrder: 0
  serializedVersion: 2
  m_Quality: 0
  m_UpdateWhenOffscreen: 0
  m_skinnedMotionVectors: 0
  m_Mesh: {fileID: 4300000, guid: 29adaafea5d4de74ba2e97976e5caae3, type: 2}
  m_Bones:
  - {fileID: 4982014737925233}
  - {fileID: 4390850539044991}
  - {fileID: 4067156141181506}
  - {fileID: 4138247666544642}
  - {fileID: 4352779387526136}
  - {fileID: 4231751379361651}
  - {fileID: 4292994726127920}
  - {fileID: 4232982165435779}
  - {fileID: 4091192973218923}
  - {fileID: 4073850354822107}
  - {fileID: 4067263450235817}
  - {fileID: 4541934381127717}
  - {fileID: 4885485381293646}
  - {fileID: 4605438678909980}
  - {fileID: 4243752306490313}
  - {fileID: 4692235208409235}
  - {fileID: 4688254704666900}
  - {fileID: 4256769753655892}
  - {fileID: 4223734697884817}
  - {fileID: 4023965390212463}
  - {fileID: 4337801331298330}
  - {fileID: 4014738539931116}
  - {fileID: 4681523576034295}
  - {fileID: 4910990211348088}
  - {fileID: 4985183381781415}
  - {fileID: 4157651932574585}
  - {fileID: 4398717724282958}
  - {fileID: 4263205368004771}
  - {fileID: 4574996058071849}
  - {fileID: 4326143248439892}
  - {fileID: 4396923143449599}
  m_BlendShapeWeights: []
  m_RootBone: {fileID: 4390850539044991}
  m_AABB:
    m_Center: {x: -2.922211, y: 6.333822, z: -0.007295609}
    m_Extent: {x: 45.24539, y: 20.85453, z: 24.61137}
  m_DirtyAABB: 0
--- !u!1 &1425287797751956
GameObject:
  serializedVersion: 5
  m_Component:
  - component: {fileID: 4871312815417262}
  - component: {fileID: 137702846038665814}
  m_Layer: 0
  m_Name: Marcecline_Outline
  m_TagString: Untagged
  m_Icon: {fileID: 0}
  m_NavMeshLayer: 0
  m_StaticEditorFlags: 0
  m_IsActive: 1
--- !u!4 &4871312815417262
Transform:
  m_GameObject: {fileID: 1425287797751956}
  m_LocalRotation: {x: -0.7071068, y: 0, z: 0, w: 0.7071068}
  m_LocalPosition: {x: 4.099754E-07, y: -4.099754E-07, z: 12.07707}
  m_LocalScale: {x: 1, y: 1, z: 1}
  m_Children: []
  m_Father: {fileID: 4996453120198855}
  m_RootOrder: 2
  m_LocalEulerAnglesHint: {x: -90, y: 0, z: 0}
--- !u!137 &137702846038665814
SkinnedMeshRenderer:
  m_GameObject: {fileID: 1425287797751956}
  m_Enabled: 1
  m_CastShadows: 1
  m_ReceiveShadows: 1
  m_DynamicOccludee: 1
  m_MotionVectors: 1
  m_LightProbeUsage: 0
  m_ReflectionProbeUsage: 1
  m_Materials:
  - {fileID: 2100000, guid: 5c942c2ec7bc14f4e895fabd52fa39fc, type: 2}
  m_StaticBatchInfo:
    firstSubMesh: 0
    subMeshCount: 0
  m_StaticBatchRoot: {fileID: 0}
  m_ProbeAnchor: {fileID: 0}
  m_LightProbeVolumeOverride: {fileID: 0}
  m_ScaleInLightmap: 1
  m_PreserveUVs: 0
  m_IgnoreNormalsForChartDetection: 0
  m_ImportantGI: 0
  m_StitchLightmapSeams: 0
  m_SelectedEditorRenderState: 3
  m_MinimumChartSize: 4
  m_AutoUVMaxDistance: 0.5
  m_AutoUVMaxAngle: 89
  m_LightmapParameters: {fileID: 0}
  m_SortingLayerID: 0
  m_SortingLayer: 0
  m_SortingOrder: 0
  serializedVersion: 2
  m_Quality: 0
  m_UpdateWhenOffscreen: 0
  m_skinnedMotionVectors: 0
  m_Mesh: {fileID: 4300000, guid: 782ec66959a61884a8ae09cab8e85fbd, type: 2}
  m_Bones:
  - {fileID: 4390850539044991}
  - {fileID: 4982014737925233}
  - {fileID: 4067156141181506}
  - {fileID: 4138247666544642}
  - {fileID: 4352779387526136}
  - {fileID: 4231751379361651}
  - {fileID: 4232982165435779}
  - {fileID: 4091192973218923}
  - {fileID: 4073850354822107}
  - {fileID: 4067263450235817}
  - {fileID: 4885485381293646}
  - {fileID: 4541934381127717}
  - {fileID: 4605438678909980}
  - {fileID: 4243752306490313}
  - {fileID: 4692235208409235}
  - {fileID: 4688254704666900}
  - {fileID: 4256769753655892}
  - {fileID: 4223734697884817}
  - {fileID: 4023965390212463}
  - {fileID: 4337801331298330}
  - {fileID: 4014738539931116}
  - {fileID: 4681523576034295}
  - {fileID: 4910990211348088}
  - {fileID: 4985183381781415}
  - {fileID: 4157651932574585}
  - {fileID: 4398717724282958}
  - {fileID: 4263205368004771}
  - {fileID: 4292994726127920}
  - {fileID: 4574996058071849}
  - {fileID: 4396923143449599}
  - {fileID: 4326143248439892}
  m_BlendShapeWeights: []
  m_RootBone: {fileID: 4390850539044991}
  m_AABB:
    m_Center: {x: -2.93224, y: 6.335476, z: -0.007305145}
    m_Extent: {x: 45.48127, y: 21.10307, z: 24.89251}
  m_DirtyAABB: 0
--- !u!1 &1525105594343579
GameObject:
  serializedVersion: 5
  m_Component:
  - component: {fileID: 4390850539044991}
  m_Layer: 0
  m_Name: Puppet
  m_TagString: Untagged
  m_Icon: {fileID: 0}
  m_NavMeshLayer: 0
  m_StaticEditorFlags: 0
  m_IsActive: 1
--- !u!4 &4390850539044991
Transform:
  m_GameObject: {fileID: 1525105594343579}
  m_LocalRotation: {x: 0.4991273, y: -0.5008717, z: -0.4991268, w: 0.5008712}
  m_LocalPosition: {x: -0.007294122, y: 41.26398, z: 1.970687}
  m_LocalScale: {x: 1, y: 1, z: 0.9999999}
  m_Children:
  - {fileID: 4091192973218923}
  - {fileID: 4982014737925233}
  - {fileID: 4138247666544642}
  m_Father: {fileID: 4996453120198855}
  m_RootOrder: 3
  m_LocalEulerAnglesHint: {x: 90.00006, y: 0.1998958, z: 90}
--- !u!1 &1182356372222946
GameObject:
  serializedVersion: 5
  m_Component:
  - component: {fileID: 4091192973218923}
  m_Layer: 0
  m_Name: Puppet_L_Thigh
  m_TagString: Untagged
  m_Icon: {fileID: 0}
  m_NavMeshLayer: 0
  m_StaticEditorFlags: 0
  m_IsActive: 1
--- !u!4 &4091192973218923
Transform:
  m_GameObject: {fileID: 1182356372222946}
  m_LocalRotation: {x: -0.09500129, y: 0.995432, z: -0.009350765, w: 0.001568438}
  m_LocalPosition: {x: 1.066124, y: 0.01455426, z: 2.730774}
  m_LocalScale: {x: 0.9999999, y: 1, z: 1}
  m_Children:
  - {fileID: 4073850354822107}
  m_Father: {fileID: 4390850539044991}
  m_RootOrder: 0
  m_LocalEulerAnglesHint: {x: -178.9162, y: -0.07711307, z: 169.096}
--- !u!1 &1299000544396367
GameObject:
  serializedVersion: 5
  m_Component:
  - component: {fileID: 4073850354822107}
  m_Layer: 0
  m_Name: Puppet_Calf
  m_TagString: Untagged
  m_Icon: {fileID: 0}
  m_NavMeshLayer: 0
  m_StaticEditorFlags: 0
  m_IsActive: 1
--- !u!4 &4073850354822107
Transform:
  m_GameObject: {fileID: 1299000544396367}
  m_LocalRotation: {x: 0.003429558, y: 0.005156064, z: 0.172859, w: 0.9849271}
  m_LocalPosition: {x: -19.60885, y: -4.768372E-06, z: -5.722046E-06}
  m_LocalScale: {x: 1, y: 1, z: 0.9999999}
  m_Children:
  - {fileID: 4243752306490313}
  m_Father: {fileID: 4091192973218923}
  m_RootOrder: 0
  m_LocalEulerAnglesHint: {x: 0.4892327, y: -0.5140093, z: -19.91076}
--- !u!1 &1895281537366688
GameObject:
  serializedVersion: 5
  m_Component:
  - component: {fileID: 4243752306490313}
  m_Layer: 0
  m_Name: Puppet_Foot
  m_TagString: Untagged
  m_Icon: {fileID: 0}
  m_NavMeshLayer: 0
  m_StaticEditorFlags: 0
  m_IsActive: 1
--- !u!4 &4243752306490313
Transform:
  m_GameObject: {fileID: 1895281537366688}
  m_LocalRotation: {x: -0.008541297, y: -0.011019, z: -0.7107449, w: 0.7033117}
  m_LocalPosition: {x: -18.44068, y: -2.384186E-07, z: 0}
  m_LocalScale: {x: 0.9999999, y: 1, z: 1}
  m_Children: []
  m_Father: {fileID: 4073850354822107}
  m_RootOrder: 0
  m_LocalEulerAnglesHint: {x: 0.2091532, y: 1.583912, z: 90.60525}
--- !u!1 &1573875322743195
GameObject:
  serializedVersion: 5
  m_Component:
  - component: {fileID: 4982014737925233}
  m_Layer: 0
  m_Name: Puppet_R_Thigh
  m_TagString: Untagged
  m_Icon: {fileID: 0}
  m_NavMeshLayer: 0
  m_StaticEditorFlags: 0
  m_IsActive: 1
--- !u!4 &4982014737925233
Transform:
  m_GameObject: {fileID: 1573875322743195}
  m_LocalRotation: {x: -0.09497742, y: 0.9954295, z: 0.009538928, w: -0.002923995}
  m_LocalPosition: {x: 1.066132, y: 0.01455379, z: -2.730775}
  m_LocalScale: {x: 1, y: 0.9999999, z: 0.9999999}
  m_Children:
  - {fileID: 4067156141181506}
  m_Father: {fileID: 4390850539044991}
  m_RootOrder: 1
  m_LocalEulerAnglesHint: {x: 178.88, y: 0.2297163, z: 169.0972}
--- !u!1 &1803073987341587
GameObject:
  serializedVersion: 5
  m_Component:
  - component: {fileID: 4067156141181506}
  m_Layer: 0
  m_Name: Puppet_R_Calf
  m_TagString: Untagged
  m_Icon: {fileID: 0}
  m_NavMeshLayer: 0
  m_StaticEditorFlags: 0
  m_IsActive: 1
--- !u!4 &4067156141181506
Transform:
  m_GameObject: {fileID: 1803073987341587}
  m_LocalRotation: {x: -0.003431692, y: -0.005149862, z: 0.1727615, w: 0.9849443}
  m_LocalPosition: {x: -19.60884, y: 0, z: -1.430511E-06}
  m_LocalScale: {x: 1, y: 1, z: 1}
  m_Children:
  - {fileID: 4605438678909980}
  m_Father: {fileID: 4982014737925233}
  m_RootOrder: 0
  m_LocalEulerAnglesHint: {x: -0.4892998, y: 0.5133154, z: -19.89942}
--- !u!1 &1636431573688077
GameObject:
  serializedVersion: 5
  m_Component:
  - component: {fileID: 4605438678909980}
  m_Layer: 0
  m_Name: Puppet_R_Foot
  m_TagString: Untagged
  m_Icon: {fileID: 0}
  m_NavMeshLayer: 0
  m_StaticEditorFlags: 0
  m_IsActive: 1
--- !u!4 &4605438678909980
Transform:
  m_GameObject: {fileID: 1636431573688077}
  m_LocalRotation: {x: 0.009280588, y: 0.009828009, z: -0.7107111, w: 0.7033541}
  m_LocalPosition: {x: -18.44068, y: 9.536743E-07, z: 1.192093E-06}
  m_LocalScale: {x: 0.9999997, y: 0.9999996, z: 1}
  m_Children: []
  m_Father: {fileID: 4067156141181506}
  m_RootOrder: 0
  m_LocalEulerAnglesHint: {x: -0.05242581, y: -1.548136, z: 90.59689}
--- !u!1 &1185264605728384
GameObject:
  serializedVersion: 5
  m_Component:
  - component: {fileID: 4138247666544642}
  m_Layer: 0
  m_Name: Puppet_Spine
  m_TagString: Untagged
  m_Icon: {fileID: 0}
  m_NavMeshLayer: 0
  m_StaticEditorFlags: 0
  m_IsActive: 1
--- !u!4 &4138247666544642
Transform:
  m_GameObject: {fileID: 1185264605728384}
  m_LocalRotation: {x: -1.849706E-08, y: -8.40578E-08, z: 0.06716271, w: 0.9977421}
  m_LocalPosition: {x: -4.715122, y: -1.046932, z: -3.20375E-07}
  m_LocalScale: {x: 0.9999998, y: 0.9999997, z: 1}
  m_Children:
  - {fileID: 4352779387526136}
  m_Father: {fileID: 4390850539044991}
  m_RootOrder: 2
  m_LocalEulerAnglesHint: {x: -2.761753E-06, y: 9.468205E-06, z: -7.702077}
--- !u!1 &1473594435335163
GameObject:
  serializedVersion: 5
  m_Component:
  - component: {fileID: 4352779387526136}
  m_Layer: 0
  m_Name: Puppet_Spine1
  m_TagString: Untagged
  m_Icon: {fileID: 0}
  m_NavMeshLayer: 0
  m_StaticEditorFlags: 0
  m_IsActive: 1
--- !u!4 &4352779387526136
Transform:
  m_GameObject: {fileID: 1473594435335163}
  m_LocalRotation: {x: -0.0003220622, y: 2.494509E-05, z: -0.07711325, w: 0.9970223}
  m_LocalPosition: {x: -4.954098, y: -9.536743E-07, z: 9.741634E-07}
  m_LocalScale: {x: 1, y: 0.9999999, z: 1}
  m_Children:
  - {fileID: 4231751379361651}
  - {fileID: 4541934381127717}
  - {fileID: 4885485381293646}
  m_Father: {fileID: 4138247666544642}
  m_RootOrder: 0
  m_LocalEulerAnglesHint: {x: -0.03701615, y: -4.073326E-06, z: 8.845308}
--- !u!1 &1418936672362190
GameObject:
  serializedVersion: 5
  m_Component:
  - component: {fileID: 4231751379361651}
  m_Layer: 0
  m_Name: Puppet_Head
  m_TagString: Untagged
  m_Icon: {fileID: 0}
  m_NavMeshLayer: 0
  m_StaticEditorFlags: 0
  m_IsActive: 1
--- !u!4 &4231751379361651
Transform:
  m_GameObject: {fileID: 1418936672362190}
  m_LocalRotation: {x: 5.127098E-08, y: -5.43313E-06, z: 0.00840414, w: 0.9999647}
  m_LocalPosition: {x: -12.55282, y: 1.04707, z: 0.0006453199}
  m_LocalScale: {x: 1, y: 1, z: 1}
  m_Children:
  - {fileID: 4292994726127920}
  - {fileID: 4067263450235817}
  - {fileID: 4232982165435779}
  m_Father: {fileID: 4352779387526136}
  m_RootOrder: 0
  m_LocalEulerAnglesHint: {x: 6.426731E-07, y: 0.0006226182, z: -0.9630548}
--- !u!1 &1273218743887316
GameObject:
  serializedVersion: 5
  m_Component:
  - component: {fileID: 4292994726127920}
  m_Layer: 0
  m_Name: Puppet_C_Hair_01
  m_TagString: Untagged
  m_Icon: {fileID: 0}
  m_NavMeshLayer: 0
  m_StaticEditorFlags: 0
  m_IsActive: 1
--- !u!4 &4292994726127920
Transform:
  m_GameObject: {fileID: 1273218743887316}
  m_LocalRotation: {x: 3.953485E-08, y: -0.0006458788, z: 0.9999998, w: -7.042032E-08}
  m_LocalPosition: {x: -2.094429, y: -8.468736, z: -0.005467903}
  m_LocalScale: {x: 0.9999998, y: 0.9999998, z: 1}
  m_Children:
  - {fileID: 4396923143449599}
  m_Father: {fileID: 4231751379361651}
  m_RootOrder: 0
  m_LocalEulerAnglesHint: {x: -0.07401226, y: 4.525147E-06, z: 180}
--- !u!1 &1721653687967346
GameObject:
  serializedVersion: 5
  m_Component:
  - component: {fileID: 4396923143449599}
  m_Layer: 0
  m_Name: Puppet_C_Hair_02
  m_TagString: Untagged
  m_Icon: {fileID: 0}
  m_NavMeshLayer: 0
  m_StaticEditorFlags: 0
  m_IsActive: 1
--- !u!4 &4396923143449599
Transform:
  m_GameObject: {fileID: 1721653687967346}
  m_LocalRotation: {x: 1.78156E-08, y: -3.725521E-08, z: -5.937181E-09, w: 1}
  m_LocalPosition: {x: -19.71893, y: 0, z: -6.547198E-07}
  m_LocalScale: {x: 1, y: 1, z: 1}
  m_Children:
  - {fileID: 4326143248439892}
  m_Father: {fileID: 4292994726127920}
  m_RootOrder: 0
  m_LocalEulerAnglesHint: {x: 2.041517E-06, y: 4.269132E-06, z: 6.803509E-07}
--- !u!1 &1727543293733310
GameObject:
  serializedVersion: 5
  m_Component:
  - component: {fileID: 4326143248439892}
  m_Layer: 0
  m_Name: Puppet_C_Hair_03
  m_TagString: Untagged
  m_Icon: {fileID: 0}
  m_NavMeshLayer: 0
  m_StaticEditorFlags: 0
  m_IsActive: 1
--- !u!4 &4326143248439892
Transform:
  m_GameObject: {fileID: 1727543293733310}
  m_LocalRotation: {x: 1.360837E-08, y: 7.413319E-09, z: 9.73523E-09, w: 1}
  m_LocalPosition: {x: -19.71893, y: -4.768372E-07, z: 6.267801E-07}
  m_LocalScale: {x: 1, y: 1, z: 1}
  m_Children: []
  m_Father: {fileID: 4396923143449599}
  m_RootOrder: 0
  m_LocalEulerAnglesHint: {x: 1.559404E-06, y: -8.495037E-07, z: -1.115575E-06}
--- !u!1 &1953124016946057
GameObject:
  serializedVersion: 5
  m_Component:
  - component: {fileID: 4067263450235817}
  m_Layer: 0
  m_Name: Puppet_L_Hair_01
  m_TagString: Untagged
  m_Icon: {fileID: 0}
  m_NavMeshLayer: 0
  m_StaticEditorFlags: 0
  m_IsActive: 1
--- !u!4 &4067263450235817
Transform:
  m_GameObject: {fileID: 1953124016946057}
  m_LocalRotation: {x: 5.628E-05, y: 0.0006433184, z: 0.9961945, w: -0.08715574}
  m_LocalPosition: {x: -3.042038, y: 2.298719, z: 8.416392}
  m_LocalScale: {x: 0.9999999, y: 0.9999999, z: 1}
  m_Children:
  - {fileID: 4263205368004771}
  m_Father: {fileID: 4231751379361651}
  m_RootOrder: 1
  m_LocalEulerAnglesHint: {x: 0.07287626, y: 0.01284969, z: 170}
--- !u!1 &1596803496291882
GameObject:
  serializedVersion: 5
  m_Component:
  - component: {fileID: 4263205368004771}
  m_Layer: 0
  m_Name: Puppet_L_Hair_02
  m_TagString: Untagged
  m_Icon: {fileID: 0}
  m_NavMeshLayer: 0
  m_StaticEditorFlags: 0
  m_IsActive: 1
--- !u!4 &4263205368004771
Transform:
  m_GameObject: {fileID: 1596803496291882}
  m_LocalRotation: {x: -3.553364E-06, y: 8.150996E-05, z: 0.08715574, w: 0.9961947}
  m_LocalPosition: {x: -7.320766, y: -9.536743E-07, z: 9.536743E-07}
  m_LocalScale: {x: 1, y: 1, z: 1}
  m_Children: []
  m_Father: {fileID: 4067263450235817}
  m_RootOrder: 0
  m_LocalEulerAnglesHint: {x: 0.0004084294, y: -0.009340299, z: -9.999999}
--- !u!1 &1051028927861157
GameObject:
  serializedVersion: 5
  m_Component:
  - component: {fileID: 4232982165435779}
  m_Layer: 0
  m_Name: Puppet_R_Hair_01
  m_TagString: Untagged
  m_Icon: {fileID: 0}
  m_NavMeshLayer: 0
  m_StaticEditorFlags: 0
  m_IsActive: 1
--- !u!4 &4232982165435779
Transform:
  m_GameObject: {fileID: 1051028927861157}
  m_LocalRotation: {x: -5.623887E-05, y: -0.0006431972, z: 0.9961945, w: -0.08715573}
  m_LocalPosition: {x: -3.042046, y: 2.298719, z: -8.416386}
  m_LocalScale: {x: 0.9999999, y: 0.9999998, z: 1}
  m_Children:
  - {fileID: 4574996058071849}
  m_Father: {fileID: 4231751379361651}
  m_RootOrder: 2
  m_LocalEulerAnglesHint: {x: -0.07286283, y: -0.01284378, z: 170}
--- !u!1 &1645880039173934
GameObject:
  serializedVersion: 5
  m_Component:
  - component: {fileID: 4574996058071849}
  m_Layer: 0
  m_Name: Puppet_R_Hair_02
  m_TagString: Untagged
  m_Icon: {fileID: 0}
  m_NavMeshLayer: 0
  m_StaticEditorFlags: 0
  m_IsActive: 1
--- !u!4 &4574996058071849
Transform:
  m_GameObject: {fileID: 1645880039173934}
  m_LocalRotation: {x: 3.55496E-06, y: -8.164488E-05, z: 0.08715573, w: 0.9961947}
  m_LocalPosition: {x: -7.320766, y: 0, z: -2.861023E-06}
  m_LocalScale: {x: 1, y: 1, z: 1}
  m_Children: []
  m_Father: {fileID: 4232982165435779}
  m_RootOrder: 0
  m_LocalEulerAnglesHint: {x: -0.0004095945, y: 0.009355716, z: -9.999998}
--- !u!1 &1324814753808140
GameObject:
  serializedVersion: 5
  m_Component:
  - component: {fileID: 4541934381127717}
  m_Layer: 0
  m_Name: Puppet_L_UpperArm
  m_TagString: Untagged
  m_Icon: {fileID: 0}
  m_NavMeshLayer: 0
  m_StaticEditorFlags: 0
  m_IsActive: 1
--- !u!4 &4541934381127717
Transform:
  m_GameObject: {fileID: 1324814753808140}
  m_LocalRotation: {x: -0.5497078, y: 0.6204605, z: 0.3916998, w: 0.3992761}
  m_LocalPosition: {x: -9.357449, y: 0.4509715, z: 3.564502}
  m_LocalScale: {x: 1, y: 1, z: 1}
  m_Children:
  - {fileID: 4692235208409235}
  m_Father: {fileID: 4352779387526136}
  m_RootOrder: 1
  m_LocalEulerAnglesHint: {x: 172.8282, y: -67.83648, z: 101.7462}
--- !u!1 &1547183696710780
GameObject:
  serializedVersion: 5
  m_Component:
  - component: {fileID: 4692235208409235}
  m_Layer: 0
  m_Name: Puppet_L_UpperArm1
  m_TagString: Untagged
  m_Icon: {fileID: 0}
  m_NavMeshLayer: 0
  m_StaticEditorFlags: 0
  m_IsActive: 1
--- !u!4 &4692235208409235
Transform:
  m_GameObject: {fileID: 1547183696710780}
  m_LocalRotation: {x: 0.01034732, y: 0.1665375, z: -0.0307446, w: 0.9855014}
  m_LocalPosition: {x: -5.887593, y: 0, z: 4.768372E-07}
  m_LocalScale: {x: 1, y: 1, z: 1}
  m_Children:
  - {fileID: 4337801331298330}
  m_Father: {fileID: 4541934381127717}
  m_RootOrder: 0
  m_LocalEulerAnglesHint: {x: 0.6160845, y: -19.20094, z: 3.469535}
--- !u!1 &1686700813803336
GameObject:
  serializedVersion: 5
  m_Component:
  - component: {fileID: 4337801331298330}
  m_Layer: 0
  m_Name: Puppet_L_UpperArm2
  m_TagString: Untagged
  m_Icon: {fileID: 0}
  m_NavMeshLayer: 0
  m_StaticEditorFlags: 0
  m_IsActive: 1
--- !u!4 &4337801331298330
Transform:
  m_GameObject: {fileID: 1686700813803336}
  m_LocalRotation: {x: 0.000994077, y: 0.1152143, z: -0.009545489, w: 0.9932943}
  m_LocalPosition: {x: -5.777851, y: -3.814697E-06, z: -1.907349E-06}
  m_LocalScale: {x: 1, y: 1, z: 0.9999999}
  m_Children:
  - {fileID: 4223734697884817}
  m_Father: {fileID: 4692235208409235}
  m_RootOrder: 0
  m_LocalEulerAnglesHint: {x: -0.01322738, y: -13.23246, z: 1.102717}
--- !u!1 &1952012657553847
GameObject:
  serializedVersion: 5
  m_Component:
  - component: {fileID: 4223734697884817}
  m_Layer: 0
  m_Name: Puppet_L_Forearm
  m_TagString: Untagged
  m_Icon: {fileID: 0}
  m_NavMeshLayer: 0
  m_StaticEditorFlags: 0
  m_IsActive: 1
--- !u!4 &4223734697884817
Transform:
  m_GameObject: {fileID: 1952012657553847}
  m_LocalRotation: {x: -0.003571279, y: 0.09382567, z: -0.03275842, w: 0.9950432}
  m_LocalPosition: {x: -4.409471, y: 3.814697E-06, z: 9.536743E-07}
  m_LocalScale: {x: 0.9999999, y: 1, z: 0.9999999}
  m_Children:
  - {fileID: 4023965390212463}
  m_Father: {fileID: 4337801331298330}
  m_RootOrder: 0
  m_LocalEulerAnglesHint: {x: -0.7729998, y: -10.74785, z: 3.843892}
--- !u!1 &1284260660142973
GameObject:
  serializedVersion: 5
  m_Component:
  - component: {fileID: 4023965390212463}
  m_Layer: 0
  m_Name: Puppet_L_Forearm1
  m_TagString: Untagged
  m_Icon: {fileID: 0}
  m_NavMeshLayer: 0
  m_StaticEditorFlags: 0
  m_IsActive: 1
--- !u!4 &4023965390212463
Transform:
  m_GameObject: {fileID: 1284260660142973}
  m_LocalRotation: {x: -0.0127021, y: 0.02341001, z: -0.03542275, w: 0.9990175}
  m_LocalPosition: {x: -3.895988, y: 3.814697E-06, z: 0}
  m_LocalScale: {x: 1, y: 1, z: 1}
  m_Children:
  - {fileID: 4688254704666900}
  m_Father: {fileID: 4223734697884817}
  m_RootOrder: 0
  m_LocalEulerAnglesHint: {x: -1.550969, y: -2.629317, z: 4.097034}
--- !u!1 &1351052854751713
GameObject:
  serializedVersion: 5
  m_Component:
  - component: {fileID: 4688254704666900}
  m_Layer: 0
  m_Name: Puppet_L_Forearm2
  m_TagString: Untagged
  m_Icon: {fileID: 0}
  m_NavMeshLayer: 0
  m_StaticEditorFlags: 0
  m_IsActive: 1
--- !u!4 &4688254704666900
Transform:
  m_GameObject: {fileID: 1351052854751713}
  m_LocalRotation: {x: -0.007877756, y: 0.02610485, z: -0.01048707, w: 0.9995732}
  m_LocalPosition: {x: -4.922075, y: -3.814697E-06, z: 0}
  m_LocalScale: {x: 0.9999999, y: 1, z: 0.9999998}
  m_Children:
  - {fileID: 4256769753655892}
  m_Father: {fileID: 4023965390212463}
  m_RootOrder: 0
  m_LocalEulerAnglesHint: {x: -0.9350175, y: -2.981998, z: 1.226537}
--- !u!1 &1148632676317753
GameObject:
  serializedVersion: 5
  m_Component:
  - component: {fileID: 4256769753655892}
  m_Layer: 0
  m_Name: Puppet_L_Hand
  m_TagString: Untagged
  m_Icon: {fileID: 0}
  m_NavMeshLayer: 0
  m_StaticEditorFlags: 0
  m_IsActive: 1
--- !u!4 &4256769753655892
Transform:
  m_GameObject: {fileID: 1148632676317753}
  m_LocalRotation: {x: -0.08285845, y: -0.006635471, z: 0.08248611, w: 0.9931196}
  m_LocalPosition: {x: -5.388538, y: 0, z: 9.536743E-07}
  m_LocalScale: {x: 0.9999999, y: 1, z: 0.9999999}
  m_Children:
  - {fileID: 4758510985910106}
  m_Father: {fileID: 4688254704666900}
  m_RootOrder: 0
  m_LocalEulerAnglesHint: {x: -9.536239, y: -0.02805827, z: -9.493561}
--- !u!1 &1822575419887446
GameObject:
  serializedVersion: 5
  m_Component:
  - component: {fileID: 4758510985910106}
  m_Layer: 0
  m_Name: Puppet_Marceline_CardsHand
  m_TagString: Untagged
  m_Icon: {fileID: 0}
  m_NavMeshLayer: 0
  m_StaticEditorFlags: 0
  m_IsActive: 1
--- !u!4 &4758510985910106
Transform:
  m_GameObject: {fileID: 1822575419887446}
  m_LocalRotation: {x: -0.3361662, y: 0.6160376, z: 0.6487149, w: 0.2943789}
  m_LocalPosition: {x: -3.10202, y: -0.6483459, z: -1.477224}
  m_LocalScale: {x: 1, y: 1.000002, z: 1}
  m_Children: []
  m_Father: {fileID: 4256769753655892}
  m_RootOrder: 0
  m_LocalEulerAnglesHint: {x: 88.57301, y: -53.02033, z: 176.9271}
--- !u!1 &1130867604226143
GameObject:
  serializedVersion: 5
  m_Component:
  - component: {fileID: 4885485381293646}
  m_Layer: 0
  m_Name: Puppet_R_UpperArm
  m_TagString: Untagged
  m_Icon: {fileID: 0}
  m_NavMeshLayer: 0
  m_StaticEditorFlags: 0
  m_IsActive: 1
--- !u!4 &4885485381293646
Transform:
  m_GameObject: {fileID: 1130867604226143}
  m_LocalRotation: {x: -0.4049548, y: -0.4157862, z: -0.6139098, w: 0.5350217}
  m_LocalPosition: {x: -9.357441, y: 0.4509636, z: -3.564498}
  m_LocalScale: {x: 0.9999998, y: 0.9999999, z: 0.9999999}
  m_Children:
  - {fileID: 4014738539931116}
  m_Father: {fileID: 4352779387526136}
  m_RootOrder: 2
  m_LocalEulerAnglesHint: {x: 13.31082, y: 70.4108, z: 107.2687}
--- !u!1 &1750748371294245
GameObject:
  serializedVersion: 5
  m_Component:
  - component: {fileID: 4014738539931116}
  m_Layer: 0
  m_Name: Puppet_R_UpperArm1
  m_TagString: Untagged
  m_Icon: {fileID: 0}
  m_NavMeshLayer: 0
  m_StaticEditorFlags: 0
  m_IsActive: 1
--- !u!4 &4014738539931116
Transform:
  m_GameObject: {fileID: 1750748371294245}
  m_LocalRotation: {x: -0.01279716, y: 0.2137418, z: 0.04115246, w: 0.9759392}
  m_LocalPosition: {x: -6.10096, y: 3.814697E-06, z: -9.536743E-07}
  m_LocalScale: {x: 1, y: 0.9999999, z: 1}
  m_Children:
  - {fileID: 4398717724282958}
  m_Father: {fileID: 4885485381293646}
  m_RootOrder: 0
  m_LocalEulerAnglesHint: {x: -0.4659316, y: -24.72423, z: -4.727006}
--- !u!1 &1579921094031215
GameObject:
  serializedVersion: 5
  m_Component:
  - component: {fileID: 4398717724282958}
  m_Layer: 0
  m_Name: Puppet_R_UpperArm2
  m_TagString: Untagged
  m_Icon: {fileID: 0}
  m_NavMeshLayer: 0
  m_StaticEditorFlags: 0
  m_IsActive: 1
--- !u!4 &4398717724282958
Transform:
  m_GameObject: {fileID: 1579921094031215}
  m_LocalRotation: {x: -0.002451018, y: 0.1157419, z: 0.02280851, w: 0.9930144}
  m_LocalPosition: {x: -6.152435, y: 3.814697E-06, z: -1.907349E-06}
  m_LocalScale: {x: 0.9999998, y: 0.9999998, z: 0.9999996}
  m_Children:
  - {fileID: 4985183381781415}
  m_Father: {fileID: 4014738539931116}
  m_RootOrder: 0
  m_LocalEulerAnglesHint: {x: 0.02425639, y: -13.29581, z: -2.634413}
--- !u!1 &1038384501586818
GameObject:
  serializedVersion: 5
  m_Component:
  - component: {fileID: 4985183381781415}
  m_Layer: 0
  m_Name: Puppet_R_Forearm
  m_TagString: Untagged
  m_Icon: {fileID: 0}
  m_NavMeshLayer: 0
  m_StaticEditorFlags: 0
  m_IsActive: 1
--- !u!4 &4985183381781415
Transform:
  m_GameObject: {fileID: 1038384501586818}
  m_LocalRotation: {x: 0.002316276, y: 0.08042208, z: 0.02091457, w: 0.9965388}
  m_LocalPosition: {x: -4.36272, y: 3.814697E-06, z: 0}
  m_LocalScale: {x: 1, y: 0.9999999, z: 0.9999999}
  m_Children:
  - {fileID: 4157651932574585}
  m_Father: {fileID: 4398717724282958}
  m_RootOrder: 0
  m_LocalEulerAnglesHint: {x: 0.4632363, y: -9.217957, z: -2.441948}
--- !u!1 &1864725475558326
GameObject:
  serializedVersion: 5
  m_Component:
  - component: {fileID: 4157651932574585}
  m_Layer: 0
  m_Name: Puppet_R_Forearm1
  m_TagString: Untagged
  m_Icon: {fileID: 0}
  m_NavMeshLayer: 0
  m_StaticEditorFlags: 0
  m_IsActive: 1
--- !u!4 &4157651932574585
Transform:
  m_GameObject: {fileID: 1864725475558326}
  m_LocalRotation: {x: 0.007329384, y: 0.01009136, z: 0.02070788, w: 0.9997078}
  m_LocalPosition: {x: -3.548208, y: -3.814697E-06, z: -1.907349E-06}
  m_LocalScale: {x: 0.9999999, y: 0.9999999, z: 0.9999998}
  m_Children:
  - {fileID: 4681523576034295}
  m_Father: {fileID: 4985183381781415}
  m_RootOrder: 0
  m_LocalEulerAnglesHint: {x: 0.8637897, y: -1.138729, z: -2.381887}
--- !u!1 &1951233513760693
GameObject:
  serializedVersion: 5
  m_Component:
  - component: {fileID: 4681523576034295}
  m_Layer: 0
  m_Name: Puppet_R_Forearm2
  m_TagString: Untagged
  m_Icon: {fileID: 0}
  m_NavMeshLayer: 0
  m_StaticEditorFlags: 0
  m_IsActive: 1
--- !u!4 &4681523576034295
Transform:
  m_GameObject: {fileID: 1951233513760693}
  m_LocalRotation: {x: 0.02372133, y: 0.01817873, z: 0.03080079, w: 0.9990787}
  m_LocalPosition: {x: -4.866127, y: -3.814697E-06, z: 9.536743E-07}
  m_LocalScale: {x: 1, y: 1, z: 1}
  m_Children:
  - {fileID: 4910990211348088}
  m_Father: {fileID: 4157651932574585}
  m_RootOrder: 0
  m_LocalEulerAnglesHint: {x: 2.782706, y: -1.99789, z: -3.580178}
--- !u!1 &1850103660392435
GameObject:
  serializedVersion: 5
  m_Component:
  - component: {fileID: 4910990211348088}
  m_Layer: 0
  m_Name: Puppet_R_Hand
  m_TagString: Untagged
  m_Icon: {fileID: 0}
  m_NavMeshLayer: 0
  m_StaticEditorFlags: 0
  m_IsActive: 1
--- !u!4 &4910990211348088
Transform:
  m_GameObject: {fileID: 1850103660392435}
  m_LocalRotation: {x: 0.9932027, y: -0.09424317, z: -0.00432977, w: -0.06817469}
  m_LocalPosition: {x: -5.443878, y: 0, z: 2.861023E-06}
  m_LocalScale: {x: 1, y: 1, z: 1}
  m_Children:
  - {fileID: 4723527350251962}
  m_Father: {fileID: 4681523576034295}
  m_RootOrder: 0
  m_LocalEulerAnglesHint: {x: -172.2623, y: -1.229128, z: 10.7578}
--- !u!1 &1150325350909069
GameObject:
  serializedVersion: 5
  m_Component:
  - component: {fileID: 4723527350251962}
  m_Layer: 0
  m_Name: Puppet_CardPlay
  m_TagString: Untagged
  m_Icon: {fileID: 0}
  m_NavMeshLayer: 0
  m_StaticEditorFlags: 0
  m_IsActive: 1
--- !u!4 &4723527350251962
Transform:
  m_GameObject: {fileID: 1150325350909069}
  m_LocalRotation: {x: 0.3594063, y: -0.5480501, z: 0.6007432, w: 0.4577945}
  m_LocalPosition: {x: -2.425629, y: -1.988197, z: -4.313469}
  m_LocalScale: {x: 1.000001, y: 1, z: 1.000001}
  m_Children: []
  m_Father: {fileID: 4910990211348088}
  m_RootOrder: 0
  m_LocalEulerAnglesHint: {x: -66.83634, y: 69.00479, z: -154.1734}
--- !u!1 &1081104079277872
GameObject:
  serializedVersion: 5
  m_Component:
  - component: {fileID: 4753141005878055}
  m_Layer: 0
  m_Name: Puppet_Root
  m_TagString: Untagged
  m_Icon: {fileID: 0}
  m_NavMeshLayer: 0
  m_StaticEditorFlags: 0
  m_IsActive: 1
--- !u!4 &4753141005878055
Transform:
  m_GameObject: {fileID: 1081104079277872}
  m_LocalRotation: {x: -0.7071068, y: -1.256074E-15, z: -1.256074E-15, w: 0.7071069}
  m_LocalPosition: {x: 0.04389076, y: 0, z: 0.01076241}
  m_LocalScale: {x: 1, y: 1, z: 1}
  m_Children: []
  m_Father: {fileID: 4996453120198855}
  m_RootOrder: 4
  m_LocalEulerAnglesHint: {x: -89.99999, y: 2.035555E-13, z: -1.12996E-29}
