%YAML 1.1
%TAG !u! tag:unity3d.com,2011:
--- !u!1001 &100100000
Prefab:
  serializedVersion: 2
  m_Modification:
    m_TransformParent: {fileID: 0}
    m_Modifications: []
    m_RemovedComponents: []
  m_ParentPrefab: {fileID: 0}
  m_RootGameObject: {fileID: 1579152064170752}
  m_IsPrefabParent: 1
--- !u!1 &1579152064170752
GameObject:
  serializedVersion: 5
  m_Component:
  - component: {fileID: 4070346981080459}
  m_Layer: 19
  m_Name: low_RegionBanner_Ice
  m_TagString: Untagged
  m_Icon: {fileID: 0}
  m_NavMeshLayer: 0
  m_StaticEditorFlags: 0
  m_IsActive: 1
--- !u!4 &4070346981080459
Transform:
  m_GameObject: {fileID: 1579152064170752}
  m_LocalRotation: {x: 0, y: 0, z: 0, w: 1}
  m_LocalPosition: {x: 0, y: 0, z: 0}
  m_LocalScale: {x: 1, y: 1, z: 1}
  m_Children:
  - {fileID: 4058290396271121}
  m_Father: {fileID: 0}
  m_RootOrder: 0
  m_LocalEulerAnglesHint: {x: 0, y: 0, z: 0}
--- !u!1 &1021952749344128
GameObject:
  serializedVersion: 5
  m_Component:
  - component: {fileID: 4058290396271121}
  - component: {fileID: 33243410959105675}
  - component: {fileID: 23593773707050249}
  m_Layer: 19
  m_Name: Ice
  m_TagString: Untagged
  m_Icon: {fileID: 0}
  m_NavMeshLayer: 0
  m_StaticEditorFlags: 0
  m_IsActive: 1
--- !u!4 &4058290396271121
Transform:
  m_GameObject: {fileID: 1021952749344128}
  m_LocalRotation: {x: -0.7071068, y: 1.152023E-07, z: 0.7071067, w: -1.152023E-07}
  m_LocalPosition: {x: 0, y: 0, z: 180}
  m_LocalScale: {x: 80, y: 80, z: 80}
  m_Children: []
  m_Father: {fileID: 4070346981080459}
  m_RootOrder: 0
  m_LocalEulerAnglesHint: {x: 180, y: -89.99998, z: 0}
--- !u!33 &33243410959105675
MeshFilter:
  m_GameObject: {fileID: 1021952749344128}
  m_Mesh: {fileID: 4300000, guid: e8d741b2f501f5f4e82a104d590ed23f, type: 2}
--- !u!23 &23593773707050249
MeshRenderer:
  m_GameObject: {fileID: 1021952749344128}
  m_Enabled: 1
  m_CastShadows: 0
  m_ReceiveShadows: 0
  m_DynamicOccludee: 1
  m_MotionVectors: 1
  m_LightProbeUsage: 0
  m_ReflectionProbeUsage: 1
  m_Materials:
  - {fileID: 2100000, guid: 39916bb6a1fc9f14a8e2d9bdf030ec88, type: 2}
  m_StaticBatchInfo:
    firstSubMesh: 0
    subMeshCount: 0
  m_StaticBatchRoot: {fileID: 0}
  m_ProbeAnchor: {fileID: 0}
  m_LightProbeVolumeOverride: {fileID: 0}
  m_ScaleInLightmap: 1
  m_PreserveUVs: 0
  m_IgnoreNormalsForChartDetection: 0
  m_ImportantGI: 0
  m_StitchLightmapSeams: 0
  m_SelectedEditorRenderState: 3
  m_MinimumChartSize: 4
  m_AutoUVMaxDistance: 0.5
  m_AutoUVMaxAngle: 89
  m_LightmapParameters: {fileID: 0}
  m_SortingLayerID: 0
  m_SortingLayer: 0
  m_SortingOrder: 0
