%YAML 1.1
%TAG !u! tag:unity3d.com,2011:
--- !u!1001 &100100000
Prefab:
  serializedVersion: 2
  m_Modification:
    m_TransformParent: {fileID: 0}
    m_Modifications: []
    m_RemovedComponents: []
  m_ParentPrefab: {fileID: 0}
  m_RootGameObject: {fileID: 1616562504044954}
  m_IsPrefabParent: 1
--- !u!1 &1616562504044954
GameObject:
  serializedVersion: 5
  m_Component:
  - component: {fileID: 4403242726739965}
  - component: {fileID: 111707095791975953}
  - component: {fileID: 114399717913347013}
  - component: {fileID: 114138986446987403}
  m_Layer: 0
  m_Name: low_P2Tombstone
  m_TagString: Untagged
  m_Icon: {fileID: 0}
  m_NavMeshLayer: 0
  m_StaticEditorFlags: 0
  m_IsActive: 1
--- !u!4 &4403242726739965
Transform:
  m_GameObject: {fileID: 1616562504044954}
  m_LocalRotation: {x: 0, y: 0, z: 0, w: 1}
  m_LocalPosition: {x: -4.021024, y: 58.03296, z: 0}
  m_LocalScale: {x: 1, y: 1, z: 1}
  m_Children:
  - {fileID: 4248432313277338}
  - {fileID: 4675704748351592}
  - {fileID: 4516051133964615}
  - {fileID: 4910239882828948}
  - {fileID: 4773474416463749}
  - {fileID: 4239761541031053}
  m_Father: {fileID: 0}
  m_RootOrder: 0
  m_LocalEulerAnglesHint: {x: 0, y: 0, z: 0}
--- !u!111 &111707095791975953
Animation:
  m_GameObject: {fileID: 1616562504044954}
  m_Enabled: 1
  serializedVersion: 3
  m_Animation: {fileID: 0}
  m_Animations:
  - {fileID: 7400000, guid: f246b934927c31e488bd5a9b286b1e36, type: 2}
  m_WrapMode: 0
  m_PlayAutomatically: 1
  m_AnimatePhysics: 0
  m_CullingType: 1
--- !u!114 &114399717913347013
MonoBehaviour:
  m_GameObject: {fileID: 1616562504044954}
  m_Enabled: 1
  m_EditorHideFlags: 0
  m_Script: {fileID: 11500000, guid: 9371e0df4fa0b1c45860dc7af7acb1bd, type: 3}
  m_Name:
  m_EditorClassIdentifier:
  obj: {fileID: 0}
  timer: 4
--- !u!114 &114138986446987403
MonoBehaviour:
  m_GameObject: {fileID: 1616562504044954}
  m_Enabled: 1
  m_EditorHideFlags: 0
  m_Script: {fileID: 11500000, guid: cd32cf0b10c80f046990f5c4937f121d, type: 3}
  m_Name:
  m_EditorClassIdentifier:
  anim: {fileID: 111707095791975953}
  MatsToFadeOut:
  - {fileID: 1927397109907989}
  - {fileID: 1944107400554900}
  - {fileID: 1347465082769806}
  - {fileID: 1338676152879379}
  startFrame: 64
  endFrame: 94
  animName: Tombstone_Right
--- !u!1 &1927397109907989
GameObject:
  serializedVersion: 5
  m_Component:
  - component: {fileID: 4248432313277338}
  - component: {fileID: 137821916349617522}
  m_Layer: 0
  m_Name: DeathAngel
  m_TagString: Untagged
  m_Icon: {fileID: 0}
  m_NavMeshLayer: 0
  m_StaticEditorFlags: 0
  m_IsActive: 1
--- !u!4 &4248432313277338
Transform:
  m_GameObject: {fileID: 1927397109907989}
  m_LocalRotation: {x: -0.7071068, y: 0, z: 0, w: 0.7071068}
  m_LocalPosition: {x: 0.002878886, y: -9.447336E-05, z: 1.835527}
  m_LocalScale: {x: 1, y: 1, z: 1}
  m_Children: []
  m_Father: {fileID: 4403242726739965}
  m_RootOrder: 0
  m_LocalEulerAnglesHint: {x: -90, y: 0, z: 0}
--- !u!137 &137821916349617522
SkinnedMeshRenderer:
  m_GameObject: {fileID: 1927397109907989}
  m_Enabled: 1
  m_CastShadows: 1
  m_ReceiveShadows: 1
  m_DynamicOccludee: 1
  m_MotionVectors: 1
  m_LightProbeUsage: 0
  m_ReflectionProbeUsage: 1
  m_Materials:
  - {fileID: 2100000, guid: 62ad2fdbe330f11409f5a039181eedd4, type: 2}
  m_StaticBatchInfo:
    firstSubMesh: 0
    subMeshCount: 0
  m_StaticBatchRoot: {fileID: 0}
  m_ProbeAnchor: {fileID: 0}
  m_LightProbeVolumeOverride: {fileID: 0}
  m_ScaleInLightmap: 1
  m_PreserveUVs: 0
  m_IgnoreNormalsForChartDetection: 0
  m_ImportantGI: 0
  m_StitchLightmapSeams: 0
  m_SelectedEditorRenderState: 3
  m_MinimumChartSize: 4
  m_AutoUVMaxDistance: 0.5
  m_AutoUVMaxAngle: 89
  m_LightmapParameters: {fileID: 0}
  m_SortingLayerID: 0
  m_SortingLayer: 0
  m_SortingOrder: 0
  serializedVersion: 2
  m_Quality: 0
  m_UpdateWhenOffscreen: 0
  m_skinnedMotionVectors: 0
  m_Mesh: {fileID: 4300000, guid: 73e2fad2bd685fb48ab5e9e5c2be19d2, type: 2}
  m_Bones:
  - {fileID: 4983455141177740}
  - {fileID: 4646350306767706}
  - {fileID: 4841712781779204}
  - {fileID: 4471700353411010}
  - {fileID: 4125416637896103}
  - {fileID: 4300802027202849}
  - {fileID: 4375423303556108}
  - {fileID: 4173468815013832}
  - {fileID: 4199400167592807}
  - {fileID: 4982279215186051}
  - {fileID: 4859622884648687}
  - {fileID: 4772551171830244}
  - {fileID: 4965767353052440}
  - {fileID: 4203332269158935}
  - {fileID: 4162752077859081}
  m_BlendShapeWeights: []
  m_RootBone: {fileID: 4646350306767706}
  m_AABB:
    m_Center: {x: 0.6489594, y: -0.01177919, z: -0.01319087}
    m_Extent: {x: 1.866084, y: 0.6776868, z: 1.571811}
  m_DirtyAABB: 0
--- !u!1 &1944107400554900
GameObject:
  serializedVersion: 5
  m_Component:
  - component: {fileID: 4675704748351592}
  - component: {fileID: 137367280456149474}
  m_Layer: 0
  m_Name: DeathAngel_Outline
  m_TagString: Untagged
  m_Icon: {fileID: 0}
  m_NavMeshLayer: 0
  m_StaticEditorFlags: 0
  m_IsActive: 1
--- !u!4 &4675704748351592
Transform:
  m_GameObject: {fileID: 1944107400554900}
  m_LocalRotation: {x: -0.7071068, y: 0, z: 0, w: 0.7071068}
  m_LocalPosition: {x: 0.002878886, y: -9.447336E-05, z: 1.835527}
  m_LocalScale: {x: 1, y: 1, z: 1}
  m_Children: []
  m_Father: {fileID: 4403242726739965}
  m_RootOrder: 1
  m_LocalEulerAnglesHint: {x: -90, y: 0, z: 0}
--- !u!137 &137367280456149474
SkinnedMeshRenderer:
  m_GameObject: {fileID: 1944107400554900}
  m_Enabled: 1
  m_CastShadows: 1
  m_ReceiveShadows: 1
  m_DynamicOccludee: 1
  m_MotionVectors: 1
  m_LightProbeUsage: 0
  m_ReflectionProbeUsage: 1
  m_Materials:
  - {fileID: 2100000, guid: 62ad2fdbe330f11409f5a039181eedd4, type: 2}
  m_StaticBatchInfo:
    firstSubMesh: 0
    subMeshCount: 0
  m_StaticBatchRoot: {fileID: 0}
  m_ProbeAnchor: {fileID: 0}
  m_LightProbeVolumeOverride: {fileID: 0}
  m_ScaleInLightmap: 1
  m_PreserveUVs: 0
  m_IgnoreNormalsForChartDetection: 0
  m_ImportantGI: 0
  m_StitchLightmapSeams: 0
  m_SelectedEditorRenderState: 3
  m_MinimumChartSize: 4
  m_AutoUVMaxDistance: 0.5
  m_AutoUVMaxAngle: 89
  m_LightmapParameters: {fileID: 0}
  m_SortingLayerID: 0
  m_SortingLayer: 0
  m_SortingOrder: 0
  serializedVersion: 2
  m_Quality: 0
  m_UpdateWhenOffscreen: 0
  m_skinnedMotionVectors: 0
  m_Mesh: {fileID: 4300000, guid: d986019e2730cb54dbca0b02a33fd431, type: 2}
  m_Bones:
  - {fileID: 4983455141177740}
  - {fileID: 4646350306767706}
  - {fileID: 4841712781779204}
  - {fileID: 4125416637896103}
  - {fileID: 4300802027202849}
  - {fileID: 4375423303556108}
  - {fileID: 4471700353411010}
  - {fileID: 4173468815013832}
  - {fileID: 4199400167592807}
  - {fileID: 4982279215186051}
  - {fileID: 4859622884648687}
  - {fileID: 4772551171830244}
  - {fileID: 4965767353052440}
  - {fileID: 4203332269158935}
  - {fileID: 4162752077859081}
  m_BlendShapeWeights: []
  m_RootBone: {fileID: 4646350306767706}
  m_AABB:
    m_Center: {x: 0.6445038, y: -0.009395957, z: -0.01390052}
    m_Extent: {x: 1.887418, y: 0.7014199, z: 1.595213}
  m_DirtyAABB: 0
--- !u!1 &1948069592699699
GameObject:
  serializedVersion: 5
  m_Component:
  - component: {fileID: 4516051133964615}
  m_Layer: 0
  m_Name: Puppet_Global
  m_TagString: Untagged
  m_Icon: {fileID: 0}
  m_NavMeshLayer: 0
  m_StaticEditorFlags: 0
  m_IsActive: 1
--- !u!4 &4516051133964615
Transform:
  m_GameObject: {fileID: 1948069592699699}
  m_LocalRotation: {x: 0.5000001, y: -0.5000001, z: -0.4999999, w: 0.4999999}
  m_LocalPosition: {x: -0.01173115, y: 1.922324, z: -0.1847275}
  m_LocalScale: {x: 1, y: 1, z: 1}
  m_Children:
  - {fileID: 4646350306767706}
  - {fileID: 4744028227946944}
  - {fileID: 4621135135535332}
  - {fileID: 4013309557461518}
  - {fileID: 4554349034093606}
  - {fileID: 4419081515367242}
  - {fileID: 4334694406770506}
  m_Father: {fileID: 4403242726739965}
  m_RootOrder: 2
  m_LocalEulerAnglesHint: {x: 90.00002, y: 0, z: 90}
--- !u!1 &1349993551518288
GameObject:
  serializedVersion: 5
  m_Component:
  - component: {fileID: 4646350306767706}
  m_Layer: 0
  m_Name: Puppet_Chest
  m_TagString: Untagged
  m_Icon: {fileID: 0}
  m_NavMeshLayer: 0
  m_StaticEditorFlags: 0
  m_IsActive: 1
--- !u!4 &4646350306767706
Transform:
  m_GameObject: {fileID: 1349993551518288}
  m_LocalRotation: {x: -1.192487E-08, y: 4.371135E-08, z: -2.8213E-07, w: 1}
  m_LocalPosition: {x: -0.4880958, y: 2.065884, z: -0.02574397}
  m_LocalScale: {x: 0.9999999, y: 0.9999999, z: 1}
  m_Children:
  - {fileID: 4983455141177740}
  - {fileID: 4841712781779204}
  - {fileID: 4982279215186051}
  - {fileID: 4162752077859081}
  m_Father: {fileID: 4516051133964615}
  m_RootOrder: 0
  m_LocalEulerAnglesHint: {x: -1.366491E-06, y: -5.008951E-06, z: 3.232972E-05}
--- !u!1 &1929938805840298
GameObject:
  serializedVersion: 5
  m_Component:
  - component: {fileID: 4983455141177740}
  m_Layer: 0
  m_Name: Puppet_Head
  m_TagString: Untagged
  m_Icon: {fileID: 0}
  m_NavMeshLayer: 0
  m_StaticEditorFlags: 0
  m_IsActive: 1
--- !u!4 &4983455141177740
Transform:
  m_GameObject: {fileID: 1929938805840298}
  m_LocalRotation: {x: -3.10331E-08, y: -1.43834E-07, z: -0.2164395, w: 0.9762961}
  m_LocalPosition: {x: -0.3074877, y: -0.03598261, z: 2.8871E-08}
  m_LocalScale: {x: 1, y: 1, z: 1}
  m_Children: []
  m_Father: {fileID: 4646350306767706}
  m_RootOrder: 0
  m_LocalEulerAnglesHint: {x: 9.555455E-08, y: 1.686116E-05, z: 24.99999}
--- !u!1 &1376440236445381
GameObject:
  serializedVersion: 5
  m_Component:
  - component: {fileID: 4841712781779204}
  m_Layer: 0
  m_Name: Puppet_Low01
  m_TagString: Untagged
  m_Icon: {fileID: 0}
  m_NavMeshLayer: 0
  m_StaticEditorFlags: 0
  m_IsActive: 1
--- !u!4 &4841712781779204
Transform:
  m_GameObject: {fileID: 1376440236445381}
  m_LocalRotation: {x: -0.08715592, y: 0.9961947, z: -2.702162E-07, w: 7.244025E-08}
  m_LocalPosition: {x: 0.2944989, y: -0.1017783, z: -0.001776593}
  m_LocalScale: {x: 1, y: 1, z: 1}
  m_Children:
  - {fileID: 4471700353411010}
  m_Father: {fileID: 4646350306767706}
  m_RootOrder: 1
  m_LocalEulerAnglesHint: {x: -180, y: -5.570714E-06, z: 170}
--- !u!1 &1355715546139745
GameObject:
  serializedVersion: 5
  m_Component:
  - component: {fileID: 4471700353411010}
  m_Layer: 0
  m_Name: Puppet_Low02
  m_TagString: Untagged
  m_Icon: {fileID: 0}
  m_NavMeshLayer: 0
  m_StaticEditorFlags: 0
  m_IsActive: 1
--- !u!4 &4471700353411010
Transform:
  m_GameObject: {fileID: 1355715546139745}
  m_LocalRotation: {x: -4.735474E-08, y: -3.973536E-08, z: 0.0871558, w: 0.9961947}
  m_LocalPosition: {x: -0.4567424, y: 0, z: -1.452863E-07}
  m_LocalScale: {x: 0.9999999, y: 1, z: 1}
  m_Children:
  - {fileID: 4125416637896103}
  m_Father: {fileID: 4841712781779204}
  m_RootOrder: 0
  m_LocalEulerAnglesHint: {x: -5.802654E-06, y: 4.063063E-06, z: -10.00001}
--- !u!1 &1922340187358584
GameObject:
  serializedVersion: 5
  m_Component:
  - component: {fileID: 4125416637896103}
  m_Layer: 0
  m_Name: Puppet_Low03
  m_TagString: Untagged
  m_Icon: {fileID: 0}
  m_NavMeshLayer: 0
  m_StaticEditorFlags: 0
  m_IsActive: 1
--- !u!4 &4125416637896103
Transform:
  m_GameObject: {fileID: 1922340187358584}
  m_LocalRotation: {x: 7.230549E-15, y: -7.105428E-15, z: 5.137614E-29, w: 1}
  m_LocalPosition: {x: -0.4567423, y: -2.384186E-07, z: -1.862645E-09}
  m_LocalScale: {x: 0.9999999, y: 0.9999999, z: 1}
  m_Children:
  - {fileID: 4375423303556108}
  m_Father: {fileID: 4471700353411010}
  m_RootOrder: 0
  m_LocalEulerAnglesHint: {x: 8.285598E-13, y: 8.142221E-13, z: 7.018175E-34}
--- !u!1 &1206164750186750
GameObject:
  serializedVersion: 5
  m_Component:
  - component: {fileID: 4375423303556108}
  m_Layer: 0
  m_Name: Puppet_Low04
  m_TagString: Untagged
  m_Icon: {fileID: 0}
  m_NavMeshLayer: 0
  m_StaticEditorFlags: 0
  m_IsActive: 1
--- !u!4 &4375423303556108
Transform:
  m_GameObject: {fileID: 1206164750186750}
  m_LocalRotation: {x: 1.251186E-16, y: -8.890215E-31, z: -7.105428E-15, w: 1}
  m_LocalPosition: {x: -0.4567425, y: 0, z: 0}
  m_LocalScale: {x: 0.9999999, y: 0.9999999, z: 1}
  m_Children:
  - {fileID: 4300802027202849}
  m_Father: {fileID: 4125416637896103}
  m_RootOrder: 0
  m_LocalEulerAnglesHint: {x: 1.433754E-14, y: -1.36823E-36, z: 8.142221E-13}
--- !u!1 &1300873922203675
GameObject:
  serializedVersion: 5
  m_Component:
  - component: {fileID: 4300802027202849}
  m_Layer: 0
  m_Name: Puppet_Low05
  m_TagString: Untagged
  m_Icon: {fileID: 0}
  m_NavMeshLayer: 0
  m_StaticEditorFlags: 0
  m_IsActive: 1
--- !u!4 &4300802027202849
Transform:
  m_GameObject: {fileID: 1300873922203675}
  m_LocalRotation: {x: 7.230548E-15, y: -2.980232E-08, z: -7.105427E-15, w: 1}
  m_LocalPosition: {x: -0.4567425, y: 1.192093E-07, z: 0}
  m_LocalScale: {x: 1, y: 1, z: 1}
  m_Children: []
  m_Father: {fileID: 4375423303556108}
  m_RootOrder: 0
  m_LocalEulerAnglesHint: {x: 8.285598E-13, y: 3.415095E-06, z: 8.14222E-13}
--- !u!1 &1665016229847486
GameObject:
  serializedVersion: 5
  m_Component:
  - component: {fileID: 4982279215186051}
  m_Layer: 0
  m_Name: Puppet_Wing_L01
  m_TagString: Untagged
  m_Icon: {fileID: 0}
  m_NavMeshLayer: 0
  m_StaticEditorFlags: 0
  m_IsActive: 1
--- !u!4 &4982279215186051
Transform:
  m_GameObject: {fileID: 1665016229847486}
  m_LocalRotation: {x: 0.1717129, y: 0.659576, z: 0.1317603, w: 0.7198009}
  m_LocalPosition: {x: -0.1055355, y: -0.1510624, z: 0.1172603}
  m_LocalScale: {x: 1, y: 1, z: 1}
  m_Children:
  - {fileID: 4859622884648687}
  m_Father: {fileID: 4646350306767706}
  m_RootOrder: 2
  m_LocalEulerAnglesHint: {x: 80.43443, y: -64.72607, z: -77.11629}
--- !u!1 &1666226355650904
GameObject:
  serializedVersion: 5
  m_Component:
  - component: {fileID: 4859622884648687}
  m_Layer: 0
  m_Name: Puppet_Wing_L02
  m_TagString: Untagged
  m_Icon: {fileID: 0}
  m_NavMeshLayer: 0
  m_StaticEditorFlags: 0
  m_IsActive: 1
--- !u!4 &4859622884648687
Transform:
  m_GameObject: {fileID: 1666226355650904}
  m_LocalRotation: {x: 0.01128945, y: -0.2585727, z: -0.04213308, w: 0.9650065}
  m_LocalPosition: {x: -0.3481342, y: 2.384186E-07, z: 0}
  m_LocalScale: {x: 1, y: 0.9999998, z: 1}
  m_Children:
  - {fileID: 4173468815013832}
  m_Father: {fileID: 4982279215186051}
  m_RootOrder: 0
  m_LocalEulerAnglesHint: {x: 2.880649, y: 29.8742, z: 5.768628}
--- !u!1 &1040034880530891
GameObject:
  serializedVersion: 5
  m_Component:
  - component: {fileID: 4173468815013832}
  m_Layer: 0
  m_Name: Puppet_Wing_L03
  m_TagString: Untagged
  m_Icon: {fileID: 0}
  m_NavMeshLayer: 0
  m_StaticEditorFlags: 0
  m_IsActive: 1
--- !u!4 &4173468815013832
Transform:
  m_GameObject: {fileID: 1040034880530891}
  m_LocalRotation: {x: 1.277317E-08, y: 0.04361928, z: -1.21745E-07, w: 0.9990482}
  m_LocalPosition: {x: -0.5221426, y: 1.192093E-07, z: 0}
  m_LocalScale: {x: 0.9999999, y: 1, z: 1}
  m_Children:
  - {fileID: 4199400167592807}
  m_Father: {fileID: 4859622884648687}
  m_RootOrder: 0
  m_LocalEulerAnglesHint: {x: 8.570349E-07, y: -4.999988, z: 1.392682E-05}
--- !u!1 &1613401125646331
GameObject:
  serializedVersion: 5
  m_Component:
  - component: {fileID: 4199400167592807}
  m_Layer: 0
  m_Name: Puppet_Wing_L04
  m_TagString: Untagged
  m_Icon: {fileID: 0}
  m_NavMeshLayer: 0
  m_StaticEditorFlags: 0
  m_IsActive: 1
--- !u!4 &4199400167592807
Transform:
  m_GameObject: {fileID: 1613401125646331}
  m_LocalRotation: {x: 1.839341E-08, y: -0.08715574, z: 8.200891E-08, w: 0.9961947}
  m_LocalPosition: {x: -0.4101706, y: -2.384186E-07, z: 4.768372E-07}
  m_LocalScale: {x: 0.9999999, y: 1, z: 0.9999999}
  m_Children: []
  m_Father: {fileID: 4173468815013832}
  m_RootOrder: 0
  m_LocalEulerAnglesHint: {x: 1.300417E-06, y: 10, z: -9.319654E-06}
--- !u!1 &1265918437648037
GameObject:
  serializedVersion: 5
  m_Component:
  - component: {fileID: 4162752077859081}
  m_Layer: 0
  m_Name: Puppet_Wing_R01
  m_TagString: Untagged
  m_Icon: {fileID: 0}
  m_NavMeshLayer: 0
  m_StaticEditorFlags: 0
  m_IsActive: 1
--- !u!4 &4162752077859081
Transform:
  m_GameObject: {fileID: 1265918437648037}
  m_LocalRotation: {x: -0.171713, y: -0.6595761, z: 0.1317604, w: 0.7198008}
  m_LocalPosition: {x: -0.1055355, y: -0.1510624, z: -0.1172604}
  m_LocalScale: {x: 0.9999999, y: 0.9999998, z: 1}
  m_Children:
  - {fileID: 4203332269158935}
  m_Father: {fileID: 4646350306767706}
  m_RootOrder: 3
  m_LocalEulerAnglesHint: {x: -80.43446, y: 64.72606, z: -77.11634}
--- !u!1 &1042971774196560
GameObject:
  serializedVersion: 5
  m_Component:
  - component: {fileID: 4203332269158935}
  m_Layer: 0
  m_Name: Puppet_Wing_R02
  m_TagString: Untagged
  m_Icon: {fileID: 0}
  m_NavMeshLayer: 0
  m_StaticEditorFlags: 0
  m_IsActive: 1
--- !u!4 &4203332269158935
Transform:
  m_GameObject: {fileID: 1042971774196560}
  m_LocalRotation: {x: -0.01128954, y: 0.2585726, z: -0.04213315, w: 0.9650065}
  m_LocalPosition: {x: -0.3481343, y: 2.384186E-07, z: 0}
  m_LocalScale: {x: 1, y: 1, z: 1}
  m_Children:
  - {fileID: 4772551171830244}
  m_Father: {fileID: 4162752077859081}
  m_RootOrder: 0
  m_LocalEulerAnglesHint: {x: -2.880661, y: -29.87419, z: 5.768639}
--- !u!1 &1155941063679340
GameObject:
  serializedVersion: 5
  m_Component:
  - component: {fileID: 4772551171830244}
  m_Layer: 0
  m_Name: Puppet_Wing_R03
  m_TagString: Untagged
  m_Icon: {fileID: 0}
  m_NavMeshLayer: 0
  m_StaticEditorFlags: 0
  m_IsActive: 1
--- !u!4 &4772551171830244
Transform:
  m_GameObject: {fileID: 1155941063679340}
  m_LocalRotation: {x: 1.575942E-08, y: -0.04361933, z: 1.933227E-08, w: 0.9990482}
  m_LocalPosition: {x: -0.5221424, y: -1.192093E-07, z: 2.384186E-07}
  m_LocalScale: {x: 0.9999996, y: 0.9999999, z: 1}
  m_Children:
  - {fileID: 4965767353052440}
  m_Father: {fileID: 4203332269158935}
  m_RootOrder: 0
  m_LocalEulerAnglesHint: {x: 1.71407E-06, y: 4.999994, z: -2.142588E-06}
--- !u!1 &1782697773702750
GameObject:
  serializedVersion: 5
  m_Component:
  - component: {fileID: 4965767353052440}
  m_Layer: 0
  m_Name: Puppet_Wing_R04
  m_TagString: Untagged
  m_Icon: {fileID: 0}
  m_NavMeshLayer: 0
  m_StaticEditorFlags: 0
  m_IsActive: 1
--- !u!4 &4965767353052440
Transform:
  m_GameObject: {fileID: 1782697773702750}
  m_LocalRotation: {x: 2.096855E-09, y: 0.0871558, z: 6.151862E-08, w: 0.9961947}
  m_LocalPosition: {x: -0.4101709, y: -1.192093E-07, z: 0}
  m_LocalScale: {x: 1, y: 1, z: 1}
  m_Children: []
  m_Father: {fileID: 4772551171830244}
  m_RootOrder: 0
  m_LocalEulerAnglesHint: {x: 8.669444E-07, y: -10.00001, z: -7.15229E-06}
--- !u!1 &1863668107655726
GameObject:
  serializedVersion: 5
  m_Component:
  - component: {fileID: 4744028227946944}
  m_Layer: 0
  m_Name: Puppet_Rubble01
  m_TagString: Untagged
  m_Icon: {fileID: 0}
  m_NavMeshLayer: 0
  m_StaticEditorFlags: 0
  m_IsActive: 1
--- !u!4 &4744028227946944
Transform:
  m_GameObject: {fileID: 1863668107655726}
  m_LocalRotation: {x: 1.215987E-05, y: 0.004950503, z: -3.447115E-07, w: 0.9999878}
  m_LocalPosition: {x: 1.922324, y: 0.009168088, z: 9.220093E-08}
  m_LocalScale: {x: 1, y: 1, z: 1}
  m_Children: []
  m_Father: {fileID: 4516051133964615}
  m_RootOrder: 1
  m_LocalEulerAnglesHint: {x: 0.001393274, y: -0.5672882, z: 3.260401E-05}
--- !u!1 &1468711396240911
GameObject:
  serializedVersion: 5
  m_Component:
  - component: {fileID: 4621135135535332}
  m_Layer: 0
  m_Name: Puppet_Rubble02
  m_TagString: Untagged
  m_Icon: {fileID: 0}
  m_NavMeshLayer: 0
  m_StaticEditorFlags: 0
  m_IsActive: 1
--- !u!4 &4621135135535332
Transform:
  m_GameObject: {fileID: 1468711396240911}
  m_LocalRotation: {x: 1.216204E-05, y: 0.004950487, z: -3.146447E-07, w: 0.9999878}
  m_LocalPosition: {x: 1.922324, y: 0.009168088, z: 9.220093E-08}
  m_LocalScale: {x: 1, y: 1, z: 1}
  m_Children: []
  m_Father: {fileID: 4516051133964615}
  m_RootOrder: 2
  m_LocalEulerAnglesHint: {x: 0.00139354, y: -0.5672863, z: 2.915728E-05}
--- !u!1 &1686101651655781
GameObject:
  serializedVersion: 5
  m_Component:
  - component: {fileID: 4013309557461518}
  m_Layer: 0
  m_Name: Puppet_Rubble03
  m_TagString: Untagged
  m_Icon: {fileID: 0}
  m_NavMeshLayer: 0
  m_StaticEditorFlags: 0
  m_IsActive: 1
--- !u!4 &4013309557461518
Transform:
  m_GameObject: {fileID: 1686101651655781}
  m_LocalRotation: {x: 1.215987E-05, y: 0.004950503, z: -3.447115E-07, w: 0.9999878}
  m_LocalPosition: {x: 1.922324, y: 0.009168088, z: 9.220093E-08}
  m_LocalScale: {x: 1, y: 1, z: 1}
  m_Children: []
  m_Father: {fileID: 4516051133964615}
  m_RootOrder: 3
  m_LocalEulerAnglesHint: {x: 0.001393274, y: -0.5672882, z: 3.260401E-05}
--- !u!1 &1195626751768619
GameObject:
  serializedVersion: 5
  m_Component:
  - component: {fileID: 4554349034093606}
  m_Layer: 0
  m_Name: Puppet_Rubble04
  m_TagString: Untagged
  m_Icon: {fileID: 0}
  m_NavMeshLayer: 0
  m_StaticEditorFlags: 0
  m_IsActive: 1
--- !u!4 &4554349034093606
Transform:
  m_GameObject: {fileID: 1195626751768619}
  m_LocalRotation: {x: 1.215987E-05, y: 0.004950503, z: -3.447115E-07, w: 0.9999878}
  m_LocalPosition: {x: 1.922324, y: 0.009168088, z: 9.220093E-08}
  m_LocalScale: {x: 1, y: 1, z: 1}
  m_Children: []
  m_Father: {fileID: 4516051133964615}
  m_RootOrder: 4
  m_LocalEulerAnglesHint: {x: 0.001393274, y: -0.5672882, z: 3.260401E-05}
--- !u!1 &1626720877837937
GameObject:
  serializedVersion: 5
  m_Component:
  - component: {fileID: 4419081515367242}
  m_Layer: 0
  m_Name: Puppet_Rubble05
  m_TagString: Untagged
  m_Icon: {fileID: 0}
  m_NavMeshLayer: 0
  m_StaticEditorFlags: 0
  m_IsActive: 1
--- !u!4 &4419081515367242
Transform:
  m_GameObject: {fileID: 1626720877837937}
  m_LocalRotation: {x: 1.21621E-05, y: 0.004950487, z: -3.239582E-07, w: 0.9999878}
  m_LocalPosition: {x: 1.922324, y: 0.009168088, z: 9.220093E-08}
  m_LocalScale: {x: 1, y: 0.9999999, z: 1}
  m_Children: []
  m_Father: {fileID: 4516051133964615}
  m_RootOrder: 5
  m_LocalEulerAnglesHint: {x: 0.001393541, y: -0.5672863, z: 3.022454E-05}
--- !u!1 &1290960255475415
GameObject:
  serializedVersion: 5
  m_Component:
  - component: {fileID: 4334694406770506}
  m_Layer: 0
  m_Name: Puppet_Tombstone
  m_TagString: Untagged
  m_Icon: {fileID: 0}
  m_NavMeshLayer: 0
  m_StaticEditorFlags: 0
  m_IsActive: 1
--- !u!4 &4334694406770506
Transform:
  m_GameObject: {fileID: 1290960255475415}
  m_LocalRotation: {x: -4.165057E-08, y: -3.794487E-08, z: 0.04361943, w: 0.9990482}
  m_LocalPosition: {x: 1.845714, y: 0.01100765, z: 8.568168E-08}
  m_LocalScale: {x: 0.9999999, y: 1, z: 0.9999999}
  m_Children: []
  m_Father: {fileID: 4516051133964615}
  m_RootOrder: 6
  m_LocalEulerAnglesHint: {x: -4.957926E-06, y: 4.135836E-06, z: -5.000005}
--- !u!1 &1449528362730790
GameObject:
  serializedVersion: 5
  m_Component:
  - component: {fileID: 4910239882828948}
  m_Layer: 0
  m_Name: Puppet_Root
  m_TagString: Untagged
  m_Icon: {fileID: 0}
  m_NavMeshLayer: 0
  m_StaticEditorFlags: 0
  m_IsActive: 1
--- !u!4 &4910239882828948
Transform:
  m_GameObject: {fileID: 1449528362730790}
  m_LocalRotation: {x: -0.7071068, y: 0, z: 0, w: 0.7071068}
  m_LocalPosition: {x: 0, y: 0, z: 1.025621E-08}
  m_LocalScale: {x: 1, y: 1, z: 1}
  m_Children: []
  m_Father: {fileID: 4403242726739965}
  m_RootOrder: 3
  m_LocalEulerAnglesHint: {x: -90, y: 0, z: 0}
--- !u!1 &1347465082769806
GameObject:
  serializedVersion: 5
  m_Component:
  - component: {fileID: 4773474416463749}
  - component: {fileID: 137225926031748956}
  m_Layer: 0
  m_Name: Tombstone
  m_TagString: Untagged
  m_Icon: {fileID: 0}
  m_NavMeshLayer: 0
  m_StaticEditorFlags: 0
  m_IsActive: 1
--- !u!4 &4773474416463749
Transform:
  m_GameObject: {fileID: 1347465082769806}
  m_LocalRotation: {x: -0.7071068, y: 0, z: 0, w: 0.7071068}
  m_LocalPosition: {x: -0.3591776, y: 0.159757, z: 0.2290516}
  m_LocalScale: {x: 1, y: 1, z: 1}
  m_Children: []
  m_Father: {fileID: 4403242726739965}
  m_RootOrder: 4
  m_LocalEulerAnglesHint: {x: -90, y: 0, z: 0}
--- !u!137 &137225926031748956
SkinnedMeshRenderer:
  m_GameObject: {fileID: 1347465082769806}
  m_Enabled: 1
  m_CastShadows: 1
  m_ReceiveShadows: 1
  m_DynamicOccludee: 1
  m_MotionVectors: 1
  m_LightProbeUsage: 0
  m_ReflectionProbeUsage: 1
  m_Materials:
  - {fileID: 2100000, guid: 22416192ee7fc3649ad1faabe2e8522e, type: 2}
  m_StaticBatchInfo:
    firstSubMesh: 0
    subMeshCount: 0
  m_StaticBatchRoot: {fileID: 0}
  m_ProbeAnchor: {fileID: 0}
  m_LightProbeVolumeOverride: {fileID: 0}
  m_ScaleInLightmap: 1
  m_PreserveUVs: 0
  m_IgnoreNormalsForChartDetection: 0
  m_ImportantGI: 0
  m_StitchLightmapSeams: 0
  m_SelectedEditorRenderState: 3
  m_MinimumChartSize: 4
  m_AutoUVMaxDistance: 0.5
  m_AutoUVMaxAngle: 89
  m_LightmapParameters: {fileID: 0}
  m_SortingLayerID: 0
  m_SortingLayer: 0
  m_SortingOrder: 0
  serializedVersion: 2
  m_Quality: 0
  m_UpdateWhenOffscreen: 0
  m_skinnedMotionVectors: 0
  m_Mesh: {fileID: 4300000, guid: b32d2813eae329244a30c48e15ada65f, type: 2}
  m_Bones:
  - {fileID: 4334694406770506}
  - {fileID: 4013309557461518}
  - {fileID: 4621135135535332}
  - {fileID: 4744028227946944}
  m_BlendShapeWeights: []
  m_RootBone: {fileID: 4744028227946944}
  m_AABB:
    m_Center: {x: -0.6941583, y: 0.3929001, z: 0.01585788}
    m_Extent: {x: 0.7957351, y: 0.6469182, z: 1.31375}
  m_DirtyAABB: 0
--- !u!1 &1338676152879379
GameObject:
  serializedVersion: 5
  m_Component:
  - component: {fileID: 4239761541031053}
  - component: {fileID: 137865819955455362}
  m_Layer: 0
  m_Name: Tombstone_Outline
  m_TagString: Untagged
  m_Icon: {fileID: 0}
  m_NavMeshLayer: 0
  m_StaticEditorFlags: 0
  m_IsActive: 1
--- !u!4 &4239761541031053
Transform:
  m_GameObject: {fileID: 1338676152879379}
  m_LocalRotation: {x: -0.7071068, y: 0, z: 0, w: 0.7071068}
  m_LocalPosition: {x: -0.3591776, y: 0.159757, z: 0.2290516}
  m_LocalScale: {x: 1, y: 1, z: 1}
  m_Children: []
  m_Father: {fileID: 4403242726739965}
  m_RootOrder: 5
  m_LocalEulerAnglesHint: {x: -90, y: 0, z: 0}
--- !u!137 &137865819955455362
SkinnedMeshRenderer:
  m_GameObject: {fileID: 1338676152879379}
  m_Enabled: 1
  m_CastShadows: 1
  m_ReceiveShadows: 1
  m_DynamicOccludee: 1
  m_MotionVectors: 1
  m_LightProbeUsage: 0
  m_ReflectionProbeUsage: 1
  m_Materials:
  - {fileID: 2100000, guid: 22416192ee7fc3649ad1faabe2e8522e, type: 2}
  m_StaticBatchInfo:
    firstSubMesh: 0
    subMeshCount: 0
  m_StaticBatchRoot: {fileID: 0}
  m_ProbeAnchor: {fileID: 0}
  m_LightProbeVolumeOverride: {fileID: 0}
  m_ScaleInLightmap: 1
  m_PreserveUVs: 0
  m_IgnoreNormalsForChartDetection: 0
  m_ImportantGI: 0
  m_StitchLightmapSeams: 0
  m_SelectedEditorRenderState: 3
  m_MinimumChartSize: 4
  m_AutoUVMaxDistance: 0.5
  m_AutoUVMaxAngle: 89
  m_LightmapParameters: {fileID: 0}
  m_SortingLayerID: 0
  m_SortingLayer: 0
  m_SortingOrder: 0
  serializedVersion: 2
  m_Quality: 0
  m_UpdateWhenOffscreen: 0
  m_skinnedMotionVectors: 0
  m_Mesh: {fileID: 4300000, guid: e6cf9325f48e7f04fa023bee68d4f42f, type: 2}
  m_Bones:
  - {fileID: 4334694406770506}
  - {fileID: 4013309557461518}
  - {fileID: 4621135135535332}
  - {fileID: 4744028227946944}
  m_BlendShapeWeights: []
  m_RootBone: {fileID: 4744028227946944}
  m_AABB:
    m_Center: {x: -0.6919218, y: 0.3958633, z: 0.0177331}
    m_Extent: {x: 0.8232233, y: 0.6723909, z: 1.340752}
  m_DirtyAABB: 0
