%YAML 1.1
%TAG !u! tag:unity3d.com,2011:
--- !u!1001 &100100000
Prefab:
  serializedVersion: 2
  m_Modification:
    m_TransformParent: {fileID: 0}
    m_Modifications: []
    m_RemovedComponents: []
  m_ParentPrefab: {fileID: 0}
  m_RootGameObject: {fileID: 1684176635320470}
  m_IsPrefabParent: 1
--- !u!1 &1684176635320470
GameObject:
  serializedVersion: 5
  m_Component:
  - component: {fileID: 224470922903820505}
  - component: {fileID: 114318671651233578}
  m_Layer: 9
  m_Name: low_NisVD5B
  m_TagString: Untagged
  m_Icon: {fileID: 0}
  m_NavMeshLayer: 0
  m_StaticEditorFlags: 0
  m_IsActive: 1
--- !u!224 &224470922903820505
RectTransform:
  m_GameObject: {fileID: 1684176635320470}
  m_LocalRotation: {x: 0, y: 0, z: 0, w: 1}
  m_LocalPosition: {x: 0, y: 6.079674E-06, z: 0}
  m_LocalScale: {x: 1.0001, y: 1.0001, z: 1.0001}
  m_Children:
  - {fileID: 224871234384062965}
  - {fileID: 224569351648515901}
  m_Father: {fileID: 0}
  m_RootOrder: 0
  m_LocalEulerAnglesHint: {x: 0, y: 0, z: 0}
  m_AnchorMin: {x: 0, y: 0}
  m_AnchorMax: {x: 1, y: 1}
  m_AnchoredPosition: {x: 0, y: 6.079674E-06}
  m_SizeDelta: {x: 0, y: 0}
  m_Pivot: {x: 0.5, y: 0.5}
--- !u!114 &114318671651233578
MonoBehaviour:
  m_GameObject: {fileID: 1684176635320470}
  m_Enabled: 1
  m_EditorHideFlags: 0
  m_Script: {fileID: 11500000, guid: 1a2281920c06d55408852a51f2dffbad, type: 3}
  m_Name:
  m_EditorClassIdentifier:
  segments:
  - {fileID: 114049386049836231}
  - {fileID: 114299242579592026}
  - {fileID: 0}
  - {fileID: 0}
  - {fileID: 0}
  inputProxy: {fileID: 0}
  manageInputProxy: 0
  skipPromptDelaySecs: 0
--- !u!1 &1127891054968368
GameObject:
  serializedVersion: 5
  m_Component:
  - component: {fileID: 224871234384062965}
  m_Layer: 9
  m_Name: Panel01
  m_TagString: Untagged
  m_Icon: {fileID: 0}
  m_NavMeshLayer: 0
  m_StaticEditorFlags: 0
  m_IsActive: 1
--- !u!224 &224871234384062965
RectTransform:
  m_GameObject: {fileID: 1127891054968368}
  m_LocalRotation: {x: 0, y: 0, z: 0, w: 1}
  m_LocalPosition: {x: 0, y: 0, z: 0}
  m_LocalScale: {x: 1, y: 1, z: 1}
  m_Children:
  - {fileID: 224401126610111223}
  m_Father: {fileID: 224470922903820505}
  m_RootOrder: 0
  m_LocalEulerAnglesHint: {x: 0, y: 0, z: 0}
  m_AnchorMin: {x: 0, y: 0}
  m_AnchorMax: {x: 1, y: 1}
  m_AnchoredPosition: {x: 0, y: 0}
  m_SizeDelta: {x: 0, y: 0}
  m_Pivot: {x: 0.5, y: 0.5}
--- !u!1 &1133980426548201
GameObject:
  serializedVersion: 5
  m_Component:
  - component: {fileID: 224401126610111223}
  - component: {fileID: 222240538441390871}
  - component: {fileID: 114049534656970600}
  m_Layer: 9
  m_Name: UI
  m_TagString: Untagged
  m_Icon: {fileID: 0}
  m_NavMeshLayer: 0
  m_StaticEditorFlags: 0
  m_IsActive: 1
--- !u!224 &224401126610111223
RectTransform:
  m_GameObject: {fileID: 1133980426548201}
  m_LocalRotation: {x: 0, y: 0, z: 0, w: 1}
  m_LocalPosition: {x: 0, y: 0, z: 0}
  m_LocalScale: {x: 0.9999999, y: 0.9999999, z: 0.9999999}
  m_Children:
  - {fileID: 224442385200466218}
  - {fileID: 224462195675307044}
  - {fileID: 224624865207075614}
  - {fileID: 224185153510434069}
  - {fileID: 224580995652593089}
  - {fileID: 224529892676796999}
  - {fileID: 224071197499404947}
  - {fileID: 224016049838457130}
  - {fileID: 224579726172395943}
  - {fileID: 224174633129872547}
  m_Father: {fileID: 224871234384062965}
  m_RootOrder: 0
  m_LocalEulerAnglesHint: {x: 0, y: 0, z: 0}
  m_AnchorMin: {x: 0, y: 0}
  m_AnchorMax: {x: 1, y: 1}
  m_AnchoredPosition: {x: 0, y: 0}
  m_SizeDelta: {x: 0, y: 0}
  m_Pivot: {x: 0.5, y: 0.5}
--- !u!222 &222240538441390871
CanvasRenderer:
  m_GameObject: {fileID: 1133980426548201}
--- !u!114 &114049534656970600
MonoBehaviour:
  m_GameObject: {fileID: 1133980426548201}
  m_Enabled: 1
  m_EditorHideFlags: 0
  m_Script: {fileID: -765806418, guid: f70555f144d8491a825f0804e09c671c, type: 3}
  m_Name:
  m_EditorClassIdentifier:
  m_Material: {fileID: 0}
  m_Color: {r: 1, g: 1, b: 1, a: 1}
  m_RaycastTarget: 1
  m_OnCullStateChanged:
    m_PersistentCalls:
      m_Calls: []
    m_TypeName: UnityEngine.UI.MaskableGraphic+CullStateChangedEvent, UnityEngine.UI, Version=1.0.0.0, Culture=neutral, PublicKeyToken=null
  m_Sprite: {fileID: 0}
  m_Type: 1
  m_PreserveAspect: 0
  m_FillCenter: 1
  m_FillMethod: 4
  m_FillAmount: 1
  m_FillClockwise: 1
  m_FillOrigin: 0
--- !u!1 &1508529391362726
GameObject:
  serializedVersion: 5
  m_Component:
  - component: {fileID: 224442385200466218}
  - component: {fileID: 222326476319685082}
  - component: {fileID: 114212067946899791}
  m_Layer: 9
  m_Name: BottomStrip
  m_TagString: Untagged
  m_Icon: {fileID: 0}
  m_NavMeshLayer: 0
  m_StaticEditorFlags: 0
  m_IsActive: 1
--- !u!224 &224442385200466218
RectTransform:
  m_GameObject: {fileID: 1508529391362726}
  m_LocalRotation: {x: 0, y: 0, z: 0, w: 1}
  m_LocalPosition: {x: 0, y: -178, z: 0}
  m_LocalScale: {x: 0.9999999, y: 0.9999999, z: 0.9999999}
  m_Children: []
  m_Father: {fileID: 224401126610111223}
  m_RootOrder: 0
  m_LocalEulerAnglesHint: {x: 0, y: 0, z: 0}
  m_AnchorMin: {x: 0, y: 0}
  m_AnchorMax: {x: 1, y: 1}
  m_AnchoredPosition: {x: 0, y: -178}
  m_SizeDelta: {x: 0, y: -356}
  m_Pivot: {x: 0.5, y: 0.5}
--- !u!222 &222326476319685082
CanvasRenderer:
  m_GameObject: {fileID: 1508529391362726}
--- !u!114 &114212067946899791
MonoBehaviour:
  m_GameObject: {fileID: 1508529391362726}
  m_Enabled: 1
  m_EditorHideFlags: 0
  m_Script: {fileID: -765806418, guid: f70555f144d8491a825f0804e09c671c, type: 3}
  m_Name:
  m_EditorClassIdentifier:
  m_Material: {fileID: 0}
  m_Color: {r: 0.4117647, g: 0.5647059, b: 0.854902, a: 1}
  m_RaycastTarget: 1
  m_OnCullStateChanged:
    m_PersistentCalls:
      m_Calls: []
    m_TypeName: UnityEngine.UI.MaskableGraphic+CullStateChangedEvent, UnityEngine.UI, Version=1.0.0.0, Culture=neutral, PublicKeyToken=null
  m_Sprite: {fileID: 21300000, guid: ba0f319cf17a5c94582830683c6d2078, type: 3}
  m_Type: 1
  m_PreserveAspect: 0
  m_FillCenter: 1
  m_FillMethod: 4
  m_FillAmount: 1
  m_FillClockwise: 1
  m_FillOrigin: 0
--- !u!1 &1499523163056237
GameObject:
  serializedVersion: 5
  m_Component:
  - component: {fileID: 224462195675307044}
  - component: {fileID: 222874350547647946}
  - component: {fileID: 114762335916475363}
  - component: {fileID: 114126850815903844}
  m_Layer: 9
  m_Name: MiddleStrip
  m_TagString: Untagged
  m_Icon: {fileID: 0}
  m_NavMeshLayer: 0
  m_StaticEditorFlags: 0
  m_IsActive: 1
--- !u!224 &224462195675307044
RectTransform:
  m_GameObject: {fileID: 1499523163056237}
  m_LocalRotation: {x: 0, y: 0, z: 0, w: 1}
  m_LocalPosition: {x: 0, y: 0, z: 0}
  m_LocalScale: {x: 1, y: 1, z: 1}
  m_Children: []
  m_Father: {fileID: 224401126610111223}
  m_RootOrder: 1
  m_LocalEulerAnglesHint: {x: 0, y: 0, z: 0}
  m_AnchorMin: {x: 0, y: 0}
  m_AnchorMax: {x: 1, y: 1}
  m_AnchoredPosition: {x: 0, y: -3.814697E-06}
  m_SizeDelta: {x: 0, y: -642}
  m_Pivot: {x: 0.5, y: 0.5}
--- !u!222 &222874350547647946
CanvasRenderer:
  m_GameObject: {fileID: 1499523163056237}
--- !u!114 &114762335916475363
MonoBehaviour:
  m_GameObject: {fileID: 1499523163056237}
  m_Enabled: 1
  m_EditorHideFlags: 0
  m_Script: {fileID: -765806418, guid: f70555f144d8491a825f0804e09c671c, type: 3}
  m_Name:
  m_EditorClassIdentifier:
  m_Material: {fileID: 0}
  m_Color: {r: 0.6705883, g: 0.9137255, b: 1, a: 1}
  m_RaycastTarget: 1
  m_OnCullStateChanged:
    m_PersistentCalls:
      m_Calls: []
    m_TypeName: UnityEngine.UI.MaskableGraphic+CullStateChangedEvent, UnityEngine.UI, Version=1.0.0.0, Culture=neutral, PublicKeyToken=null
  m_Sprite: {fileID: 0}
  m_Type: 1
  m_PreserveAspect: 0
  m_FillCenter: 1
  m_FillMethod: 4
  m_FillAmount: 1
  m_FillClockwise: 1
  m_FillOrigin: 0
--- !u!114 &114126850815903844
MonoBehaviour:
  m_GameObject: {fileID: 1499523163056237}
  m_Enabled: 1
  m_EditorHideFlags: 0
  m_Script: {fileID: 1573420865, guid: f70555f144d8491a825f0804e09c671c, type: 3}
  m_Name:
  m_EditorClassIdentifier:
  m_EffectColor: {r: 0, g: 0, b: 0, a: 0.1529412}
  m_EffectDistance: {x: 0, y: -10}
  m_UseGraphicAlpha: 1
--- !u!1 &1045168362105512
GameObject:
  serializedVersion: 5
  m_Component:
  - component: {fileID: 224624865207075614}
  m_Layer: 9
  m_Name: Panel
  m_TagString: Untagged
  m_Icon: {fileID: 0}
  m_NavMeshLayer: 0
  m_StaticEditorFlags: 0
  m_IsActive: 1
--- !u!224 &224624865207075614
RectTransform:
  m_GameObject: {fileID: 1045168362105512}
  m_LocalRotation: {x: 0, y: 0, z: 0, w: 1}
  m_LocalPosition: {x: 0, y: 160, z: 0}
  m_LocalScale: {x: 1, y: 1, z: 1}
  m_Children:
  - {fileID: 224037475179157324}
  m_Father: {fileID: 224401126610111223}
  m_RootOrder: 2
  m_LocalEulerAnglesHint: {x: 0, y: 0, z: 0}
  m_AnchorMin: {x: 0.5, y: 0.5}
  m_AnchorMax: {x: 0.5, y: 0.5}
  m_AnchoredPosition: {x: 0, y: 160}
  m_SizeDelta: {x: 0, y: 0}
  m_Pivot: {x: 0.5, y: 0.5}
--- !u!1 &1410954905499265
GameObject:
  serializedVersion: 5
  m_Component:
  - component: {fileID: 224037475179157324}
  - component: {fileID: 222477939371014776}
  - component: {fileID: 114235743582562571}
  - component: {fileID: 114853355161261798}
  m_Layer: 9
  m_Name: InsideMask
  m_TagString: Untagged
  m_Icon: {fileID: 0}
  m_NavMeshLayer: 0
  m_StaticEditorFlags: 0
  m_IsActive: 1
--- !u!224 &224037475179157324
RectTransform:
  m_GameObject: {fileID: 1410954905499265}
  m_LocalRotation: {x: 0, y: 0, z: 0, w: 1}
  m_LocalPosition: {x: 0, y: 0, z: 0}
  m_LocalScale: {x: 1, y: 1, z: 1}
  m_Children:
  - {fileID: 224845646726421069}
  - {fileID: 224475344795318324}
  - {fileID: 224208650481777168}
  - {fileID: 224954489102257330}
  m_Father: {fileID: 224624865207075614}
  m_RootOrder: 0
  m_LocalEulerAnglesHint: {x: 0, y: 0, z: 0}
  m_AnchorMin: {x: 0.5, y: 0.5}
  m_AnchorMax: {x: 0.5, y: 0.5}
  m_AnchoredPosition: {x: 0, y: 0}
  m_SizeDelta: {x: 896, y: 384}
  m_Pivot: {x: 0.5, y: 0.5}
--- !u!222 &222477939371014776
CanvasRenderer:
  m_GameObject: {fileID: 1410954905499265}
--- !u!114 &114235743582562571
MonoBehaviour:
  m_GameObject: {fileID: 1410954905499265}
  m_Enabled: 1
  m_EditorHideFlags: 0
  m_Script: {fileID: -765806418, guid: f70555f144d8491a825f0804e09c671c, type: 3}
  m_Name:
  m_EditorClassIdentifier:
  m_Material: {fileID: 0}
  m_Color: {r: 1, g: 0, b: 0, a: 1}
  m_RaycastTarget: 1
  m_OnCullStateChanged:
    m_PersistentCalls:
      m_Calls: []
    m_TypeName: UnityEngine.UI.MaskableGraphic+CullStateChangedEvent, UnityEngine.UI, Version=1.0.0.0, Culture=neutral, PublicKeyToken=null
  m_Sprite: {fileID: 0}
  m_Type: 1
  m_PreserveAspect: 0
  m_FillCenter: 1
  m_FillMethod: 4
  m_FillAmount: 1
  m_FillClockwise: 1
  m_FillOrigin: 0
--- !u!114 &114853355161261798
MonoBehaviour:
  m_GameObject: {fileID: 1410954905499265}
  m_Enabled: 1
  m_EditorHideFlags: 0
  m_Script: {fileID: -1200242548, guid: f70555f144d8491a825f0804e09c671c, type: 3}
  m_Name:
  m_EditorClassIdentifier:
  m_ShowMaskGraphic: 0
--- !u!1 &1813553679661115
GameObject:
  serializedVersion: 5
  m_Component:
  - component: {fileID: 224845646726421069}
  - component: {fileID: 222556170290774648}
  - component: {fileID: 114076779758049478}
  m_Layer: 9
  m_Name: Background 2
  m_TagString: Untagged
  m_Icon: {fileID: 0}
  m_NavMeshLayer: 0
  m_StaticEditorFlags: 0
  m_IsActive: 1
--- !u!224 &224845646726421069
RectTransform:
  m_GameObject: {fileID: 1813553679661115}
  m_LocalRotation: {x: 0, y: 0, z: 0, w: 1}
  m_LocalPosition: {x: 3, y: -68, z: 0}
  m_LocalScale: {x: 1, y: 1, z: 1}
  m_Children: []
  m_Father: {fileID: 224037475179157324}
  m_RootOrder: 0
  m_LocalEulerAnglesHint: {x: 0, y: 0, z: 0}
  m_AnchorMin: {x: 0.5, y: 0.5}
  m_AnchorMax: {x: 0.5, y: 0.5}
  m_AnchoredPosition: {x: 3, y: -68}
  m_SizeDelta: {x: 1000, y: 560}
  m_Pivot: {x: 0.5, y: 0.5}
--- !u!222 &222556170290774648
CanvasRenderer:
  m_GameObject: {fileID: 1813553679661115}
--- !u!114 &114076779758049478
MonoBehaviour:
  m_GameObject: {fileID: 1813553679661115}
  m_Enabled: 1
  m_EditorHideFlags: 0
  m_Script: {fileID: -765806418, guid: f70555f144d8491a825f0804e09c671c, type: 3}
  m_Name:
  m_EditorClassIdentifier:
  m_Material: {fileID: 0}
  m_Color: {r: 1, g: 1, b: 1, a: 1}
  m_RaycastTarget: 1
  m_OnCullStateChanged:
    m_PersistentCalls:
      m_Calls: []
    m_TypeName: UnityEngine.UI.MaskableGraphic+CullStateChangedEvent, UnityEngine.UI, Version=1.0.0.0, Culture=neutral, PublicKeyToken=null
  m_Sprite: {fileID: 21300010, guid: 058938a63190a114796a3ff3b7cadd2b, type: 3}
  m_Type: 0
  m_PreserveAspect: 1
  m_FillCenter: 1
  m_FillMethod: 4
  m_FillAmount: 1
  m_FillClockwise: 1
  m_FillOrigin: 0
--- !u!1 &1796064526603014
GameObject:
  serializedVersion: 5
  m_Component:
  - component: {fileID: 224475344795318324}
  - component: {fileID: 222440749113528488}
  - component: {fileID: 114099218138664716}
  m_Layer: 9
  m_Name: Background 1
  m_TagString: Untagged
  m_Icon: {fileID: 0}
  m_NavMeshLayer: 0
  m_StaticEditorFlags: 0
  m_IsActive: 1
--- !u!224 &224475344795318324
RectTransform:
  m_GameObject: {fileID: 1796064526603014}
  m_LocalRotation: {x: 0, y: 0, z: 0, w: 1}
  m_LocalPosition: {x: 2.996979, y: -68.00076, z: 0}
  m_LocalScale: {x: 1, y: 1, z: 1}
  m_Children: []
  m_Father: {fileID: 224037475179157324}
  m_RootOrder: 1
  m_LocalEulerAnglesHint: {x: 0, y: 0, z: 0}
  m_AnchorMin: {x: 0.5, y: 0.5}
  m_AnchorMax: {x: 0.5, y: 0.5}
  m_AnchoredPosition: {x: 2.996974, y: -68.00076}
  m_SizeDelta: {x: 1000, y: 550}
  m_Pivot: {x: 0.5, y: 0.5}
--- !u!222 &222440749113528488
CanvasRenderer:
  m_GameObject: {fileID: 1796064526603014}
--- !u!114 &114099218138664716
MonoBehaviour:
  m_GameObject: {fileID: 1796064526603014}
  m_Enabled: 1
  m_EditorHideFlags: 0
  m_Script: {fileID: -765806418, guid: f70555f144d8491a825f0804e09c671c, type: 3}
  m_Name:
  m_EditorClassIdentifier:
  m_Material: {fileID: 0}
  m_Color: {r: 1, g: 1, b: 1, a: 1}
  m_RaycastTarget: 1
  m_OnCullStateChanged:
    m_PersistentCalls:
      m_Calls: []
    m_TypeName: UnityEngine.UI.MaskableGraphic+CullStateChangedEvent, UnityEngine.UI, Version=1.0.0.0, Culture=neutral, PublicKeyToken=null
  m_Sprite: {fileID: 21300006, guid: 058938a63190a114796a3ff3b7cadd2b, type: 3}
  m_Type: 0
  m_PreserveAspect: 1
  m_FillCenter: 1
  m_FillMethod: 4
  m_FillAmount: 1
  m_FillClockwise: 1
  m_FillOrigin: 0
--- !u!1 &1742906589831820
GameObject:
  serializedVersion: 5
  m_Component:
  - component: {fileID: 224208650481777168}
  - component: {fileID: 222699449126157165}
  - component: {fileID: 114846426466947949}
  m_Layer: 9
  m_Name: Mim Left
  m_TagString: Untagged
  m_Icon: {fileID: 0}
  m_NavMeshLayer: 0
  m_StaticEditorFlags: 0
  m_IsActive: 1
--- !u!224 &224208650481777168
RectTransform:
  m_GameObject: {fileID: 1742906589831820}
  m_LocalRotation: {x: 0, y: 0, z: 0, w: 1}
  m_LocalPosition: {x: -256.5, y: -13.5, z: 0}
  m_LocalScale: {x: 1, y: 1, z: 1}
  m_Children: []
  m_Father: {fileID: 224037475179157324}
  m_RootOrder: 2
  m_LocalEulerAnglesHint: {x: 0, y: 0, z: 0}
  m_AnchorMin: {x: 0.5, y: 0.5}
  m_AnchorMax: {x: 0.5, y: 0.5}
  m_AnchoredPosition: {x: -256.5, y: -13.5}
  m_SizeDelta: {x: 383, y: 357}
  m_Pivot: {x: 0.5, y: 0.5}
--- !u!222 &222699449126157165
CanvasRenderer:
  m_GameObject: {fileID: 1742906589831820}
--- !u!114 &114846426466947949
MonoBehaviour:
  m_GameObject: {fileID: 1742906589831820}
  m_Enabled: 1
  m_EditorHideFlags: 0
  m_Script: {fileID: -765806418, guid: f70555f144d8491a825f0804e09c671c, type: 3}
  m_Name:
  m_EditorClassIdentifier:
  m_Material: {fileID: 0}
  m_Color: {r: 1, g: 1, b: 1, a: 1}
  m_RaycastTarget: 1
  m_OnCullStateChanged:
    m_PersistentCalls:
      m_Calls: []
    m_TypeName: UnityEngine.UI.MaskableGraphic+CullStateChangedEvent, UnityEngine.UI, Version=1.0.0.0, Culture=neutral, PublicKeyToken=null
  m_Sprite: {fileID: 21300002, guid: 058938a63190a114796a3ff3b7cadd2b, type: 3}
  m_Type: 0
  m_PreserveAspect: 0
  m_FillCenter: 1
  m_FillMethod: 4
  m_FillAmount: 1
  m_FillClockwise: 1
  m_FillOrigin: 0
--- !u!1 &1652386058917810
GameObject:
  serializedVersion: 5
  m_Component:
  - component: {fileID: 224954489102257330}
  - component: {fileID: 222541300949051822}
  - component: {fileID: 114458188295660414}
  m_Layer: 9
  m_Name: Mim Right
  m_TagString: Untagged
  m_Icon: {fileID: 0}
  m_NavMeshLayer: 0
  m_StaticEditorFlags: 0
  m_IsActive: 1
--- !u!224 &224954489102257330
RectTransform:
  m_GameObject: {fileID: 1652386058917810}
  m_LocalRotation: {x: 0, y: 0, z: 0, w: 1}
  m_LocalPosition: {x: 280, y: -1.525879E-05, z: 0}
  m_LocalScale: {x: 1, y: 1, z: 1}
  m_Children: []
  m_Father: {fileID: 224037475179157324}
  m_RootOrder: 3
  m_LocalEulerAnglesHint: {x: 0, y: 0, z: 0}
  m_AnchorMin: {x: 0.5, y: 0.5}
  m_AnchorMax: {x: 0.5, y: 0.5}
  m_AnchoredPosition: {x: 280, y: -1.5259E-05}
  m_SizeDelta: {x: 302, y: 224}
  m_Pivot: {x: 0.5, y: 0.5}
--- !u!222 &222541300949051822
CanvasRenderer:
  m_GameObject: {fileID: 1652386058917810}
--- !u!114 &114458188295660414
MonoBehaviour:
  m_GameObject: {fileID: 1652386058917810}
  m_Enabled: 1
  m_EditorHideFlags: 0
  m_Script: {fileID: -765806418, guid: f70555f144d8491a825f0804e09c671c, type: 3}
  m_Name:
  m_EditorClassIdentifier:
  m_Material: {fileID: 0}
  m_Color: {r: 1, g: 1, b: 1, a: 1}
  m_RaycastTarget: 1
  m_OnCullStateChanged:
    m_PersistentCalls:
      m_Calls: []
    m_TypeName: UnityEngine.UI.MaskableGraphic+CullStateChangedEvent, UnityEngine.UI, Version=1.0.0.0, Culture=neutral, PublicKeyToken=null
  m_Sprite: {fileID: 21300008, guid: 058938a63190a114796a3ff3b7cadd2b, type: 3}
  m_Type: 0
  m_PreserveAspect: 0
  m_FillCenter: 1
  m_FillMethod: 4
  m_FillAmount: 1
  m_FillClockwise: 1
  m_FillOrigin: 0
--- !u!1 &1868820224163154
GameObject:
  serializedVersion: 5
  m_Component:
  - component: {fileID: 224185153510434069}
  - component: {fileID: 222315748358300115}
  - component: {fileID: 114025429990527413}
  m_Layer: 9
  m_Name: Border
  m_TagString: Untagged
  m_Icon: {fileID: 0}
  m_NavMeshLayer: 0
  m_StaticEditorFlags: 0
  m_IsActive: 1
--- !u!224 &224185153510434069
RectTransform:
  m_GameObject: {fileID: 1868820224163154}
  m_LocalRotation: {x: 0, y: 0, z: 0, w: 1}
  m_LocalPosition: {x: 0, y: 160, z: 0}
  m_LocalScale: {x: 1, y: 1, z: 1}
  m_Children: []
  m_Father: {fileID: 224401126610111223}
  m_RootOrder: 3
  m_LocalEulerAnglesHint: {x: 0, y: 0, z: 0}
  m_AnchorMin: {x: 0.5, y: 0.5}
  m_AnchorMax: {x: 0.5, y: 0.5}
  m_AnchoredPosition: {x: 0, y: 160}
  m_SizeDelta: {x: 902, y: 390}
  m_Pivot: {x: 0.5, y: 0.5}
--- !u!222 &222315748358300115
CanvasRenderer:
  m_GameObject: {fileID: 1868820224163154}
--- !u!114 &114025429990527413
MonoBehaviour:
  m_GameObject: {fileID: 1868820224163154}
  m_Enabled: 1
  m_EditorHideFlags: 0
  m_Script: {fileID: -765806418, guid: f70555f144d8491a825f0804e09c671c, type: 3}
  m_Name:
  m_EditorClassIdentifier:
  m_Material: {fileID: 0}
  m_Color: {r: 1, g: 1, b: 1, a: 1}
  m_RaycastTarget: 1
  m_OnCullStateChanged:
    m_PersistentCalls:
      m_Calls: []
    m_TypeName: UnityEngine.UI.MaskableGraphic+CullStateChangedEvent, UnityEngine.UI, Version=1.0.0.0, Culture=neutral, PublicKeyToken=null
  m_Sprite: {fileID: 21300000, guid: 058938a63190a114796a3ff3b7cadd2b, type: 3}
  m_Type: 1
  m_PreserveAspect: 0
  m_FillCenter: 1
  m_FillMethod: 4
  m_FillAmount: 1
  m_FillClockwise: 1
  m_FillOrigin: 0
--- !u!1 &1976401580508890
GameObject:
  serializedVersion: 5
  m_Component:
  - component: {fileID: 224580995652593089}
  - component: {fileID: 222910046523222246}
  - component: {fileID: 114197270304146718}
  - component: {fileID: 114474706029181189}
  - component: {fileID: 114989096746881222}
  m_Layer: 9
  m_Name: Border 1
  m_TagString: Untagged
  m_Icon: {fileID: 0}
  m_NavMeshLayer: 0
  m_StaticEditorFlags: 0
  m_IsActive: 1
--- !u!224 &224580995652593089
RectTransform:
  m_GameObject: {fileID: 1976401580508890}
  m_LocalRotation: {x: 0, y: 0, z: 0, w: 1}
  m_LocalPosition: {x: -107, y: -118, z: 0}
  m_LocalScale: {x: 0.9999, y: 0.9999, z: 0.9999}
  m_Children: []
  m_Father: {fileID: 224401126610111223}
  m_RootOrder: 4
  m_LocalEulerAnglesHint: {x: 0, y: 0, z: 0}
  m_AnchorMin: {x: 0.5, y: 0.5}
  m_AnchorMax: {x: 0.5, y: 0.5}
  m_AnchoredPosition: {x: -107, y: -118}
  m_SizeDelta: {x: 392, y: 140}
  m_Pivot: {x: 0.5, y: 0.5}
--- !u!222 &222910046523222246
CanvasRenderer:
  m_GameObject: {fileID: 1976401580508890}
--- !u!114 &114197270304146718
MonoBehaviour:
  m_GameObject: {fileID: 1976401580508890}
  m_Enabled: 1
  m_EditorHideFlags: 0
  m_Script: {fileID: -765806418, guid: f70555f144d8491a825f0804e09c671c, type: 3}
  m_Name:
  m_EditorClassIdentifier:
  m_Material: {fileID: 0}
  m_Color: {r: 1, g: 1, b: 1, a: 0}
  m_RaycastTarget: 1
  m_OnCullStateChanged:
    m_PersistentCalls:
      m_Calls: []
    m_TypeName: UnityEngine.UI.MaskableGraphic+CullStateChangedEvent, UnityEngine.UI, Version=1.0.0.0, Culture=neutral, PublicKeyToken=null
  m_Sprite: {fileID: 21300004, guid: 058938a63190a114796a3ff3b7cadd2b, type: 3}
  m_Type: 1
  m_PreserveAspect: 0
  m_FillCenter: 1
  m_FillMethod: 4
  m_FillAmount: 1
  m_FillClockwise: 1
  m_FillOrigin: 0
--- !u!114 &114474706029181189
MonoBehaviour:
  m_GameObject: {fileID: 1976401580508890}
  m_Enabled: 1
  m_EditorHideFlags: 0
  m_Script: {fileID: 11500000, guid: a7462a6f86a1293479f96c611435dc98, type: 3}
  m_Name:
  m_EditorClassIdentifier:
  label:
  method: 0
  style: 0
  animationCurve:
    serializedVersion: 2
    m_Curve:
    - serializedVersion: 2
      time: 0
      value: 0
      inSlope: 0
      outSlope: 1
      tangentMode: 0
    - serializedVersion: 2
      time: 1
      value: 1
      inSlope: 1
      outSlope: 0
      tangentMode: 0
    m_PreInfinity: 2
    m_PostInfinity: 2
    m_RotationOrder: 0
  ignoreTimeScale: 1
  delay: 1.5
  duration: 0.2
  steeperCurves: 0
  tweenGroup: 0
  DisableInputWhileTweening: 0
  eventReceiver: {fileID: 0}
  callWhenFinished:
  from: 0
  to: 1
--- !u!114 &114989096746881222
MonoBehaviour:
  m_GameObject: {fileID: 1976401580508890}
  m_Enabled: 1
  m_EditorHideFlags: 0
  m_Script: {fileID: 11500000, guid: a7462a6f86a1293479f96c611435dc98, type: 3}
  m_Name:
  m_EditorClassIdentifier:
  label:
  method: 0
  style: 0
  animationCurve:
    serializedVersion: 2
    m_Curve:
    - serializedVersion: 2
      time: 0
      value: 0
      inSlope: 0
      outSlope: 1
      tangentMode: 0
    - serializedVersion: 2
      time: 1
      value: 1
      inSlope: 1
      outSlope: 0
      tangentMode: 0
    m_PreInfinity: 2
    m_PostInfinity: 2
    m_RotationOrder: 0
  ignoreTimeScale: 1
  delay: 3.5
  duration: 0.2
  steeperCurves: 0
  tweenGroup: 0
  DisableInputWhileTweening: 0
  eventReceiver: {fileID: 0}
  callWhenFinished:
  from: 1
  to: 0
--- !u!1 &1803170947340560
GameObject:
  serializedVersion: 5
  m_Component:
  - component: {fileID: 224529892676796999}
  - component: {fileID: 222168227494201342}
  - component: {fileID: 114463780101752913}
  - component: {fileID: 114929893167137689}
  - component: {fileID: 114616074211673272}
  - component: {fileID: 114565228478185034}
  m_Layer: 0
  m_Name: FionnaName
  m_TagString: Untagged
  m_Icon: {fileID: 0}
  m_NavMeshLayer: 0
  m_StaticEditorFlags: 0
  m_IsActive: 1
--- !u!224 &224529892676796999
RectTransform:
  m_GameObject: {fileID: 1803170947340560}
  m_LocalRotation: {x: 0, y: 0, z: 0, w: 1}
  m_LocalPosition: {x: -107, y: -87.74997, z: 0}
  m_LocalScale: {x: 1.0001, y: 1.0001, z: 1.0001}
  m_Children: []
  m_Father: {fileID: 224401126610111223}
  m_RootOrder: 5
  m_LocalEulerAnglesHint: {x: 0, y: 0, z: 0}
  m_AnchorMin: {x: 0.5, y: 0.5}
  m_AnchorMax: {x: 0.5, y: 0.5}
  m_AnchoredPosition: {x: -107, y: -87.74997}
  m_SizeDelta: {x: 353, y: 49}
  m_Pivot: {x: 0.5, y: 0.5}
--- !u!222 &222168227494201342
CanvasRenderer:
  m_GameObject: {fileID: 1803170947340560}
--- !u!114 &114463780101752913
MonoBehaviour:
  m_GameObject: {fileID: 1803170947340560}
  m_Enabled: 1
  m_EditorHideFlags: 0
  m_Script: {fileID: 708705254, guid: f70555f144d8491a825f0804e09c671c, type: 3}
  m_Name:
  m_EditorClassIdentifier:
  m_Material: {fileID: 0}
  m_Color: {r: 0.5882353, g: 0.5882353, b: 0.5882353, a: 0}
  m_RaycastTarget: 1
  m_OnCullStateChanged:
    m_PersistentCalls:
      m_Calls: []
    m_TypeName: UnityEngine.UI.MaskableGraphic+CullStateChangedEvent, UnityEngine.UI, Version=1.0.0.0, Culture=neutral, PublicKeyToken=null
  m_FontData:
    m_Font: {fileID: 12800000, guid: 5cddca35a8ee91743ba295b419db2196, type: 3}
    m_FontSize: 29
    m_FontStyle: 0
    m_BestFit: 1
    m_MinSize: 20
    m_MaxSize: 29
    m_Alignment: 0
    m_RichText: 1
    m_HorizontalOverflow: 0
    m_VerticalOverflow: 0
    m_LineSpacing: 1
  m_Text: '!!FC_NIS_CHAR_DIALOG_01'
--- !u!114 &114929893167137689
MonoBehaviour:
  m_GameObject: {fileID: 1803170947340560}
  m_Enabled: 1
  m_EditorHideFlags: 0
  m_Script: {fileID: 11500000, guid: 3dbabdb6cbf9d5244bcbe1436cfbf160, type: 3}
  m_Name:
  m_EditorClassIdentifier:
--- !u!114 &114616074211673272
MonoBehaviour:
  m_GameObject: {fileID: 1803170947340560}
  m_Enabled: 1
  m_EditorHideFlags: 0
  m_Script: {fileID: 11500000, guid: a7462a6f86a1293479f96c611435dc98, type: 3}
  m_Name:
  m_EditorClassIdentifier:
  label:
  method: 0
  style: 0
  animationCurve:
    serializedVersion: 2
    m_Curve:
    - serializedVersion: 2
      time: 0
      value: 0
      inSlope: 0
      outSlope: 1
      tangentMode: 0
    - serializedVersion: 2
      time: 1
      value: 1
      inSlope: 1
      outSlope: 0
      tangentMode: 0
    m_PreInfinity: 2
    m_PostInfinity: 2
    m_RotationOrder: 0
  ignoreTimeScale: 1
  delay: 1.6
  duration: 0.2
  steeperCurves: 0
  tweenGroup: 0
  DisableInputWhileTweening: 0
  eventReceiver: {fileID: 0}
  callWhenFinished:
  from: 0
  to: 1
--- !u!114 &114565228478185034
MonoBehaviour:
  m_GameObject: {fileID: 1803170947340560}
  m_Enabled: 1
  m_EditorHideFlags: 0
  m_Script: {fileID: 11500000, guid: a7462a6f86a1293479f96c611435dc98, type: 3}
  m_Name:
  m_EditorClassIdentifier:
  label:
  method: 0
  style: 0
  animationCurve:
    serializedVersion: 2
    m_Curve:
    - serializedVersion: 2
      time: 0
      value: 0
      inSlope: 0
      outSlope: 1
      tangentMode: 0
    - serializedVersion: 2
      time: 1
      value: 1
      inSlope: 1
      outSlope: 0
      tangentMode: 0
    m_PreInfinity: 2
    m_PostInfinity: 2
    m_RotationOrder: 0
  ignoreTimeScale: 1
  delay: 3.4
  duration: 0.2
  steeperCurves: 0
  tweenGroup: 0
  DisableInputWhileTweening: 0
  eventReceiver: {fileID: 0}
  callWhenFinished:
  from: 1
  to: 0
--- !u!1 &1504164220698356
GameObject:
  serializedVersion: 5
  m_Component:
  - component: {fileID: 224071197499404947}
  - component: {fileID: 222631098604790004}
  - component: {fileID: 114899104463643162}
  - component: {fileID: 114770012884105215}
  - component: {fileID: 114280175186944568}
  - component: {fileID: 114167960146085549}
  m_Layer: 0
  m_Name: FionnaText
  m_TagString: Untagged
  m_Icon: {fileID: 0}
  m_NavMeshLayer: 0
  m_StaticEditorFlags: 0
  m_IsActive: 1
--- !u!224 &224071197499404947
RectTransform:
  m_GameObject: {fileID: 1504164220698356}
  m_LocalRotation: {x: 0, y: 0, z: 0, w: 1}
  m_LocalPosition: {x: -107, y: -146, z: 0}
  m_LocalScale: {x: 1, y: 1, z: 1}
  m_Children: []
  m_Father: {fileID: 224401126610111223}
  m_RootOrder: 6
  m_LocalEulerAnglesHint: {x: 0, y: 0, z: 0}
  m_AnchorMin: {x: 0.5, y: 0.5}
  m_AnchorMax: {x: 0.5, y: 0.5}
  m_AnchoredPosition: {x: -107, y: -146}
  m_SizeDelta: {x: 353, y: 67}
  m_Pivot: {x: 0.5, y: 0.5}
--- !u!222 &222631098604790004
CanvasRenderer:
  m_GameObject: {fileID: 1504164220698356}
--- !u!114 &114899104463643162
MonoBehaviour:
  m_GameObject: {fileID: 1504164220698356}
  m_Enabled: 1
  m_EditorHideFlags: 0
  m_Script: {fileID: 708705254, guid: f70555f144d8491a825f0804e09c671c, type: 3}
  m_Name:
  m_EditorClassIdentifier:
  m_Material: {fileID: 0}
  m_Color: {r: 0.2431373, g: 0.2431373, b: 0.2470588, a: 0}
  m_RaycastTarget: 1
  m_OnCullStateChanged:
    m_PersistentCalls:
      m_Calls: []
    m_TypeName: UnityEngine.UI.MaskableGraphic+CullStateChangedEvent, UnityEngine.UI, Version=1.0.0.0, Culture=neutral, PublicKeyToken=null
  m_FontData:
    m_Font: {fileID: 12800000, guid: 5cddca35a8ee91743ba295b419db2196, type: 3}
    m_FontSize: 30
    m_FontStyle: 0
    m_BestFit: 1
    m_MinSize: 30
    m_MaxSize: 50
    m_Alignment: 0
    m_RichText: 1
    m_HorizontalOverflow: 0
    m_VerticalOverflow: 0
    m_LineSpacing: 1
  m_Text: '!!FC_NIS_02_DIALOG_01C'
--- !u!114 &114770012884105215
MonoBehaviour:
  m_GameObject: {fileID: 1504164220698356}
  m_Enabled: 1
  m_EditorHideFlags: 0
  m_Script: {fileID: 11500000, guid: 3dbabdb6cbf9d5244bcbe1436cfbf160, type: 3}
  m_Name:
  m_EditorClassIdentifier:
--- !u!114 &114280175186944568
MonoBehaviour:
  m_GameObject: {fileID: 1504164220698356}
  m_Enabled: 1
  m_EditorHideFlags: 0
  m_Script: {fileID: 11500000, guid: a7462a6f86a1293479f96c611435dc98, type: 3}
  m_Name:
  m_EditorClassIdentifier:
  label:
  method: 0
  style: 0
  animationCurve:
    serializedVersion: 2
    m_Curve:
    - serializedVersion: 2
      time: 0
      value: 0
      inSlope: 0
      outSlope: 1
      tangentMode: 0
    - serializedVersion: 2
      time: 1
      value: 1
      inSlope: 1
      outSlope: 0
      tangentMode: 0
    m_PreInfinity: 2
    m_PostInfinity: 2
    m_RotationOrder: 0
  ignoreTimeScale: 1
  delay: 1.5
  duration: 0.2
  steeperCurves: 0
  tweenGroup: 0
  DisableInputWhileTweening: 0
  eventReceiver: {fileID: 0}
  callWhenFinished:
  from: 0
  to: 1
--- !u!114 &114167960146085549
MonoBehaviour:
  m_GameObject: {fileID: 1504164220698356}
  m_Enabled: 1
  m_EditorHideFlags: 0
  m_Script: {fileID: 11500000, guid: a7462a6f86a1293479f96c611435dc98, type: 3}
  m_Name:
  m_EditorClassIdentifier:
  label:
  method: 0
  style: 0
  animationCurve:
    serializedVersion: 2
    m_Curve:
    - serializedVersion: 2
      time: 0
      value: 0
      inSlope: 0
      outSlope: 1
      tangentMode: 0
    - serializedVersion: 2
      time: 1
      value: 1
      inSlope: 1
      outSlope: 0
      tangentMode: 0
    m_PreInfinity: 2
    m_PostInfinity: 2
    m_RotationOrder: 0
  ignoreTimeScale: 1
  delay: 3.4
  duration: 0.2
  steeperCurves: 0
  tweenGroup: 0
  DisableInputWhileTweening: 0
  eventReceiver: {fileID: 0}
  callWhenFinished:
  from: 1
  to: 0
--- !u!1 &1082176866294166
GameObject:
  serializedVersion: 5
  m_Component:
  - component: {fileID: 224016049838457130}
  - component: {fileID: 222630923158312406}
  - component: {fileID: 114845454281117524}
  - component: {fileID: 114807498788563112}
  - component: {fileID: 114590999872145130}
  m_Layer: 9
  m_Name: Border 2
  m_TagString: Untagged
  m_Icon: {fileID: 0}
  m_NavMeshLayer: 0
  m_StaticEditorFlags: 0
  m_IsActive: 1
--- !u!224 &224016049838457130
RectTransform:
  m_GameObject: {fileID: 1082176866294166}
  m_LocalRotation: {x: 0, y: 0, z: 0, w: 1}
  m_LocalPosition: {x: 95, y: -270, z: 0}
  m_LocalScale: {x: 0.9999, y: 0.9999, z: 0.9999}
  m_Children: []
  m_Father: {fileID: 224401126610111223}
  m_RootOrder: 7
  m_LocalEulerAnglesHint: {x: 0, y: 0, z: 0}
  m_AnchorMin: {x: 0.5, y: 0.5}
  m_AnchorMax: {x: 0.5, y: 0.5}
  m_AnchoredPosition: {x: 95, y: -270}
  m_SizeDelta: {x: 392, y: 140}
  m_Pivot: {x: 0.5, y: 0.5}
--- !u!222 &222630923158312406
CanvasRenderer:
  m_GameObject: {fileID: 1082176866294166}
--- !u!114 &114845454281117524
MonoBehaviour:
  m_GameObject: {fileID: 1082176866294166}
  m_Enabled: 1
  m_EditorHideFlags: 0
  m_Script: {fileID: -765806418, guid: f70555f144d8491a825f0804e09c671c, type: 3}
  m_Name:
  m_EditorClassIdentifier:
  m_Material: {fileID: 0}
  m_Color: {r: 1, g: 1, b: 1, a: 0}
  m_RaycastTarget: 1
  m_OnCullStateChanged:
    m_PersistentCalls:
      m_Calls: []
    m_TypeName: UnityEngine.UI.MaskableGraphic+CullStateChangedEvent, UnityEngine.UI, Version=1.0.0.0, Culture=neutral, PublicKeyToken=null
  m_Sprite: {fileID: 21300004, guid: 058938a63190a114796a3ff3b7cadd2b, type: 3}
  m_Type: 1
  m_PreserveAspect: 0
  m_FillCenter: 1
  m_FillMethod: 4
  m_FillAmount: 1
  m_FillClockwise: 1
  m_FillOrigin: 0
--- !u!114 &114807498788563112
MonoBehaviour:
  m_GameObject: {fileID: 1082176866294166}
  m_Enabled: 1
  m_EditorHideFlags: 0
  m_Script: {fileID: 11500000, guid: a7462a6f86a1293479f96c611435dc98, type: 3}
  m_Name:
  m_EditorClassIdentifier:
  label:
  method: 0
  style: 0
  animationCurve:
    serializedVersion: 2
    m_Curve:
    - serializedVersion: 2
      time: 0
      value: 0
      inSlope: 0
      outSlope: 1
      tangentMode: 0
    - serializedVersion: 2
      time: 1
      value: 1
      inSlope: 1
      outSlope: 0
      tangentMode: 0
    m_PreInfinity: 2
    m_PostInfinity: 2
    m_RotationOrder: 0
  ignoreTimeScale: 1
  delay: 3.5
  duration: 0.2
  steeperCurves: 0
  tweenGroup: 0
  DisableInputWhileTweening: 0
  eventReceiver: {fileID: 0}
  callWhenFinished:
  from: 0
  to: 1
--- !u!114 &114590999872145130
MonoBehaviour:
  m_GameObject: {fileID: 1082176866294166}
  m_Enabled: 1
  m_EditorHideFlags: 0
  m_Script: {fileID: 11500000, guid: a7462a6f86a1293479f96c611435dc98, type: 3}
  m_Name:
  m_EditorClassIdentifier:
  label:
  method: 0
  style: 0
  animationCurve:
    serializedVersion: 2
    m_Curve:
    - serializedVersion: 2
      time: 0
      value: 0
      inSlope: 0
      outSlope: 1
      tangentMode: 0
    - serializedVersion: 2
      time: 1
      value: 1
      inSlope: 1
      outSlope: 0
      tangentMode: 0
    m_PreInfinity: 2
    m_PostInfinity: 2
    m_RotationOrder: 0
  ignoreTimeScale: 1
  delay: 5.5
  duration: 0.2
  steeperCurves: 0
  tweenGroup: 0
  DisableInputWhileTweening: 0
  eventReceiver: {fileID: 0}
  callWhenFinished:
  from: 1
  to: 0
--- !u!1 &1143633848751695
GameObject:
  serializedVersion: 5
  m_Component:
  - component: {fileID: 224579726172395943}
  - component: {fileID: 222130601177295017}
  - component: {fileID: 114231930274729640}
  - component: {fileID: 114750244654966689}
  - component: {fileID: 114503522464089399}
  - component: {fileID: 114418937465534314}
  m_Layer: 0
  m_Name: CakeText
  m_TagString: Untagged
  m_Icon: {fileID: 0}
  m_NavMeshLayer: 0
  m_StaticEditorFlags: 0
  m_IsActive: 1
--- !u!224 &224579726172395943
RectTransform:
  m_GameObject: {fileID: 1143633848751695}
  m_LocalRotation: {x: 0, y: 0, z: 0, w: 1}
  m_LocalPosition: {x: 95, y: -296, z: 0}
  m_LocalScale: {x: 1, y: 1, z: 1}
  m_Children: []
  m_Father: {fileID: 224401126610111223}
  m_RootOrder: 8
  m_LocalEulerAnglesHint: {x: 0, y: 0, z: 0}
  m_AnchorMin: {x: 0.5, y: 0.5}
  m_AnchorMax: {x: 0.5, y: 0.5}
  m_AnchoredPosition: {x: 95, y: -296}
  m_SizeDelta: {x: 353, y: 65}
  m_Pivot: {x: 0.5, y: 0.5}
--- !u!222 &222130601177295017
CanvasRenderer:
  m_GameObject: {fileID: 1143633848751695}
--- !u!114 &114231930274729640
MonoBehaviour:
  m_GameObject: {fileID: 1143633848751695}
  m_Enabled: 1
  m_EditorHideFlags: 0
  m_Script: {fileID: 708705254, guid: f70555f144d8491a825f0804e09c671c, type: 3}
  m_Name:
  m_EditorClassIdentifier:
  m_Material: {fileID: 0}
  m_Color: {r: 0.2431373, g: 0.2431373, b: 0.2470588, a: 0}
  m_RaycastTarget: 1
  m_OnCullStateChanged:
    m_PersistentCalls:
      m_Calls: []
    m_TypeName: UnityEngine.UI.MaskableGraphic+CullStateChangedEvent, UnityEngine.UI, Version=1.0.0.0, Culture=neutral, PublicKeyToken=null
  m_FontData:
    m_Font: {fileID: 12800000, guid: 5cddca35a8ee91743ba295b419db2196, type: 3}
    m_FontSize: 30
    m_FontStyle: 0
    m_BestFit: 1
    m_MinSize: 30
    m_MaxSize: 50
    m_Alignment: 0
    m_RichText: 1
    m_HorizontalOverflow: 0
    m_VerticalOverflow: 0
    m_LineSpacing: 1
  m_Text: '!!FC_NIS_23_DIALOG_4A'
--- !u!114 &114750244654966689
MonoBehaviour:
  m_GameObject: {fileID: 1143633848751695}
  m_Enabled: 1
  m_EditorHideFlags: 0
  m_Script: {fileID: 11500000, guid: 3dbabdb6cbf9d5244bcbe1436cfbf160, type: 3}
  m_Name:
  m_EditorClassIdentifier:
--- !u!114 &114503522464089399
MonoBehaviour:
  m_GameObject: {fileID: 1143633848751695}
  m_Enabled: 1
  m_EditorHideFlags: 0
  m_Script: {fileID: 11500000, guid: a7462a6f86a1293479f96c611435dc98, type: 3}
  m_Name:
  m_EditorClassIdentifier:
  label:
  method: 0
  style: 0
  animationCurve:
    serializedVersion: 2
    m_Curve:
    - serializedVersion: 2
      time: 0
      value: 0
      inSlope: 0
      outSlope: 1
      tangentMode: 0
    - serializedVersion: 2
      time: 1
      value: 1
      inSlope: 1
      outSlope: 0
      tangentMode: 0
    m_PreInfinity: 2
    m_PostInfinity: 2
    m_RotationOrder: 0
  ignoreTimeScale: 1
  delay: 3.6
  duration: 0.2
  steeperCurves: 0
  tweenGroup: 0
  DisableInputWhileTweening: 0
  eventReceiver: {fileID: 0}
  callWhenFinished:
  from: 0
  to: 1
--- !u!114 &114418937465534314
MonoBehaviour:
  m_GameObject: {fileID: 1143633848751695}
  m_Enabled: 1
  m_EditorHideFlags: 0
  m_Script: {fileID: 11500000, guid: a7462a6f86a1293479f96c611435dc98, type: 3}
  m_Name:
  m_EditorClassIdentifier:
  label:
  method: 0
  style: 0
  animationCurve:
    serializedVersion: 2
    m_Curve:
    - serializedVersion: 2
      time: 0
      value: 0
      inSlope: 0
      outSlope: 1
      tangentMode: 0
    - serializedVersion: 2
      time: 1
      value: 1
      inSlope: 1
      outSlope: 0
      tangentMode: 0
    m_PreInfinity: 2
    m_PostInfinity: 2
    m_RotationOrder: 0
  ignoreTimeScale: 1
  delay: 5.4
  duration: 0.2
  steeperCurves: 0
  tweenGroup: 0
  DisableInputWhileTweening: 0
  eventReceiver: {fileID: 0}
  callWhenFinished:
  from: 1
  to: 0
--- !u!1 &1634315262444875
GameObject:
  serializedVersion: 5
  m_Component:
  - component: {fileID: 224174633129872547}
  - component: {fileID: 222238360002288540}
  - component: {fileID: 114011437211904936}
  - component: {fileID: 114220098593780945}
  - component: {fileID: 114930419130763683}
  - component: {fileID: 114029493707248383}
  m_Layer: 0
  m_Name: CakeName
  m_TagString: Untagged
  m_Icon: {fileID: 0}
  m_NavMeshLayer: 0
  m_StaticEditorFlags: 0
  m_IsActive: 1
--- !u!224 &224174633129872547
RectTransform:
  m_GameObject: {fileID: 1634315262444875}
  m_LocalRotation: {x: 0, y: 0, z: 0, w: 1}
  m_LocalPosition: {x: 95, y: -237, z: 0}
  m_LocalScale: {x: 1.0001, y: 1.0001, z: 1.0001}
  m_Children: []
  m_Father: {fileID: 224401126610111223}
  m_RootOrder: 9
  m_LocalEulerAnglesHint: {x: 0, y: 0, z: 0}
  m_AnchorMin: {x: 0.5, y: 0.5}
  m_AnchorMax: {x: 0.5, y: 0.5}
  m_AnchoredPosition: {x: 95, y: -237}
  m_SizeDelta: {x: 353, y: 53}
  m_Pivot: {x: 0.5, y: 0.5}
--- !u!222 &222238360002288540
CanvasRenderer:
  m_GameObject: {fileID: 1634315262444875}
--- !u!114 &114011437211904936
MonoBehaviour:
  m_GameObject: {fileID: 1634315262444875}
  m_Enabled: 1
  m_EditorHideFlags: 0
  m_Script: {fileID: 708705254, guid: f70555f144d8491a825f0804e09c671c, type: 3}
  m_Name:
  m_EditorClassIdentifier:
  m_Material: {fileID: 0}
  m_Color: {r: 0.5882353, g: 0.5882353, b: 0.5882353, a: 0}
  m_RaycastTarget: 1
  m_OnCullStateChanged:
    m_PersistentCalls:
      m_Calls: []
    m_TypeName: UnityEngine.UI.MaskableGraphic+CullStateChangedEvent, UnityEngine.UI, Version=1.0.0.0, Culture=neutral, PublicKeyToken=null
  m_FontData:
    m_Font: {fileID: 12800000, guid: 5cddca35a8ee91743ba295b419db2196, type: 3}
    m_FontSize: 29
    m_FontStyle: 0
    m_BestFit: 1
    m_MinSize: 20
    m_MaxSize: 29
    m_Alignment: 0
    m_RichText: 1
    m_HorizontalOverflow: 0
    m_VerticalOverflow: 0
    m_LineSpacing: 1
  m_Text: '!!FC_NIS_CHAR_DIALOG_02'
--- !u!114 &114220098593780945
MonoBehaviour:
  m_GameObject: {fileID: 1634315262444875}
  m_Enabled: 1
  m_EditorHideFlags: 0
  m_Script: {fileID: 11500000, guid: 3dbabdb6cbf9d5244bcbe1436cfbf160, type: 3}
  m_Name:
  m_EditorClassIdentifier:
--- !u!114 &114930419130763683
MonoBehaviour:
  m_GameObject: {fileID: 1634315262444875}
  m_Enabled: 1
  m_EditorHideFlags: 0
  m_Script: {fileID: 11500000, guid: a7462a6f86a1293479f96c611435dc98, type: 3}
  m_Name:
  m_EditorClassIdentifier:
  label:
  method: 0
  style: 0
  animationCurve:
    serializedVersion: 2
    m_Curve:
    - serializedVersion: 2
      time: 0
      value: 0
      inSlope: 0
      outSlope: 1
      tangentMode: 0
    - serializedVersion: 2
      time: 1
      value: 1
      inSlope: 1
      outSlope: 0
      tangentMode: 0
    m_PreInfinity: 2
    m_PostInfinity: 2
    m_RotationOrder: 0
  ignoreTimeScale: 1
  delay: 3.6
  duration: 0.2
  steeperCurves: 0
  tweenGroup: 0
  DisableInputWhileTweening: 0
  eventReceiver: {fileID: 0}
  callWhenFinished:
  from: 0
  to: 1
--- !u!114 &114029493707248383
MonoBehaviour:
  m_GameObject: {fileID: 1634315262444875}
  m_Enabled: 1
  m_EditorHideFlags: 0
  m_Script: {fileID: 11500000, guid: a7462a6f86a1293479f96c611435dc98, type: 3}
  m_Name:
  m_EditorClassIdentifier:
  label:
  method: 0
  style: 0
  animationCurve:
    serializedVersion: 2
    m_Curve:
    - serializedVersion: 2
      time: 0
      value: 0
      inSlope: 0
      outSlope: 1
      tangentMode: 0
    - serializedVersion: 2
      time: 1
      value: 1
      inSlope: 1
      outSlope: 0
      tangentMode: 0
    m_PreInfinity: 2
    m_PostInfinity: 2
    m_RotationOrder: 0
  ignoreTimeScale: 1
  delay: 5.4
  duration: 0.2
  steeperCurves: 0
  tweenGroup: 0
  DisableInputWhileTweening: 0
  eventReceiver: {fileID: 0}
  callWhenFinished:
  from: 1
  to: 0
--- !u!1 &1158694628812447
GameObject:
  serializedVersion: 5
  m_Component:
  - component: {fileID: 224569351648515901}
  m_Layer: 9
  m_Name: Tweens
  m_TagString: Untagged
  m_Icon: {fileID: 0}
  m_NavMeshLayer: 0
  m_StaticEditorFlags: 0
  m_IsActive: 1
--- !u!224 &224569351648515901
RectTransform:
  m_GameObject: {fileID: 1158694628812447}
  m_LocalRotation: {x: 0, y: 0, z: 0, w: 1}
  m_LocalPosition: {x: 0, y: 0, z: 0}
  m_LocalScale: {x: 1, y: 1, z: 1}
  m_Children:
  - {fileID: 224597810213875254}
  - {fileID: 224953938341880621}
  - {fileID: 224557715255455257}
  m_Father: {fileID: 224470922903820505}
  m_RootOrder: 1
  m_LocalEulerAnglesHint: {x: 0, y: 0, z: 0}
  m_AnchorMin: {x: 0.5, y: 0.5}
  m_AnchorMax: {x: 0.5, y: 0.5}
  m_AnchoredPosition: {x: 0, y: 0}
  m_SizeDelta: {x: 100, y: 100}
  m_Pivot: {x: 0.5, y: 0.5}
--- !u!1 &1939237186471832
GameObject:
  serializedVersion: 5
  m_Component:
  - component: {fileID: 224597810213875254}
  - component: {fileID: 114049386049836231}
  m_Layer: 9
  m_Name: TweenMusic
  m_TagString: Untagged
  m_Icon: {fileID: 0}
  m_NavMeshLayer: 0
  m_StaticEditorFlags: 0
  m_IsActive: 1
--- !u!224 &224597810213875254
RectTransform:
  m_GameObject: {fileID: 1939237186471832}
  m_LocalRotation: {x: 0, y: 0, z: 0, w: 1}
  m_LocalPosition: {x: 0, y: -3.814697E-06, z: 0}
  m_LocalScale: {x: 1, y: 1, z: 1}
  m_Children: []
  m_Father: {fileID: 224569351648515901}
  m_RootOrder: 0
  m_LocalEulerAnglesHint: {x: 0, y: 0, z: 0}
  m_AnchorMin: {x: 0.5, y: 0.5}
  m_AnchorMax: {x: 0.5, y: 0.5}
  m_AnchoredPosition: {x: 0, y: -5.483627E-06}
  m_SizeDelta: {x: 100, y: 100}
  m_Pivot: {x: 0.5, y: 0.5}
--- !u!114 &114049386049836231
MonoBehaviour:
  m_GameObject: {fileID: 1939237186471832}
  m_Enabled: 1
  m_EditorHideFlags: 0
  m_Script: {fileID: 11500000, guid: 225b25f707642af4ca04feac401f7df6, type: 3}
  m_Name:
  m_EditorClassIdentifier:
  playDelaySecs: 0
  toggleMusicOnPlay: 0
  target: {fileID: 82210578503179508}
  autoPlay: 0
--- !u!1 &1133206068576048
GameObject:
  serializedVersion: 5
  m_Component:
  - component: {fileID: 224953938341880621}
  - component: {fileID: 114999342837205446}
  - component: {fileID: 114299242579592026}
  m_Layer: 9
  m_Name: TweenPanel01
  m_TagString: Untagged
  m_Icon: {fileID: 0}
  m_NavMeshLayer: 0
  m_StaticEditorFlags: 0
  m_IsActive: 1
--- !u!224 &224953938341880621
RectTransform:
  m_GameObject: {fileID: 1133206068576048}
  m_LocalRotation: {x: 0, y: 0, z: 0, w: 1}
  m_LocalPosition: {x: 0, y: 0, z: 0}
  m_LocalScale: {x: 1, y: 1, z: 1}
  m_Children: []
  m_Father: {fileID: 224569351648515901}
  m_RootOrder: 1
  m_LocalEulerAnglesHint: {x: 0, y: 0, z: 0}
  m_AnchorMin: {x: 0.5, y: 0.5}
  m_AnchorMax: {x: 0.5, y: 0.5}
  m_AnchoredPosition: {x: 0, y: 0}
  m_SizeDelta: {x: 100, y: 100}
  m_Pivot: {x: 0.5, y: 0.5}
--- !u!114 &114999342837205446
MonoBehaviour:
  m_GameObject: {fileID: 1133206068576048}
  m_Enabled: 1
  m_EditorHideFlags: 0
  m_Script: {fileID: 11500000, guid: 0e802a3787514fd45bc1e6e655c6906a, type: 3}
  m_Name:
  m_EditorClassIdentifier:
  label:
  tweenTarget: {fileID: 1127891054968368}
  tweenGroup: 0
  trigger: 0
  playDirection: 1
  resetOnPlay: 0
  ifDisabledOnPlay: 1
  disableWhenFinished: 0
  includeChildren: 0
  eventReceiver: {fileID: 0}
  callWhenFinished:
--- !u!114 &114299242579592026
MonoBehaviour:
  m_GameObject: {fileID: 1133206068576048}
  m_Enabled: 1
  m_EditorHideFlags: 0
  m_Script: {fileID: 11500000, guid: 952d3a17ec9181e45b3adeedec059117, type: 3}
  m_Name:
  m_EditorClassIdentifier:
  playDelaySecs: 0
  completionDelaySecs: 0
  skipPromptDelaySecs: 2.5
  reverse: 0
  waitForClick: 1
  target: {fileID: 0}
--- !u!1 &1400540283998139
GameObject:
  serializedVersion: 5
  m_Component:
  - component: {fileID: 224557715255455257}
  - component: {fileID: 82210578503179508}
  m_Layer: 9
  m_Name: Music
  m_TagString: Untagged
  m_Icon: {fileID: 0}
  m_NavMeshLayer: 0
  m_StaticEditorFlags: 0
  m_IsActive: 1
--- !u!224 &224557715255455257
RectTransform:
  m_GameObject: {fileID: 1400540283998139}
  m_LocalRotation: {x: 0, y: 0, z: 0, w: 1}
  m_LocalPosition: {x: 0, y: 0, z: 0}
  m_LocalScale: {x: 1, y: 1, z: 1}
  m_Children: []
  m_Father: {fileID: 224569351648515901}
  m_RootOrder: 2
  m_LocalEulerAnglesHint: {x: 0, y: 0, z: 0}
  m_AnchorMin: {x: 0.5, y: 0.5}
  m_AnchorMax: {x: 0.5, y: 0.5}
  m_AnchoredPosition: {x: 0, y: 2.384186E-07}
  m_SizeDelta: {x: 100, y: 100}
  m_Pivot: {x: 0.5, y: 0.5}
--- !u!82 &82210578503179508
AudioSource:
  m_GameObject: {fileID: 1400540283998139}
  m_Enabled: 1
  serializedVersion: 4
  OutputAudioMixerGroup: {fileID: 0}
  m_audioClip: {fileID: 8300000, guid: 191ca2b48c4d6724389619f061892999, type: 3}
  m_PlayOnAwake: 0
  m_Volume: 1
  m_Pitch: 1
  Loop: 1
  Mute: 0
  Spatialize: 0
  SpatializePostEffects: 0
  Priority: 128
  DopplerLevel: 1
  MinDistance: 1
  MaxDistance: 500
  Pan2D: 0
  rolloffMode: 0
  BypassEffects: 0
  BypassListenerEffects: 0
  BypassReverbZones: 0
  rolloffCustomCurve:
    serializedVersion: 2
    m_Curve:
    - serializedVersion: 2
      time: 0
      value: 1
      inSlope: 0
      outSlope: 0
      tangentMode: 0
    - serializedVersion: 2
      time: 1
      value: 0
      inSlope: 0
      outSlope: 0
      tangentMode: 0
    m_PreInfinity: 2
    m_PostInfinity: 2
    m_RotationOrder: 0
  panLevelCustomCurve:
    serializedVersion: 2
    m_Curve:
    - serializedVersion: 2
      time: 0
      value: 0
      inSlope: 0
      outSlope: 0
      tangentMode: 0
    m_PreInfinity: 2
    m_PostInfinity: 2
    m_RotationOrder: 0
  spreadCustomCurve:
    serializedVersion: 2
    m_Curve:
    - serializedVersion: 2
      time: 0
      value: 0
      inSlope: 0
      outSlope: 0
      tangentMode: 0
    m_PreInfinity: 2
    m_PostInfinity: 2
    m_RotationOrder: 0
  reverbZoneMixCustomCurve:
    serializedVersion: 2
    m_Curve:
    - serializedVersion: 2
      time: 0
      value: 0
      inSlope: 0
      outSlope: 0
      tangentMode: 0
    m_PreInfinity: 2
    m_PostInfinity: 2
    m_RotationOrder: 0
