%YAML 1.1
%TAG !u! tag:unity3d.com,2011:
--- !u!1001 &100100000
Prefab:
  serializedVersion: 2
  m_Modification:
    m_TransformParent: {fileID: 0}
    m_Modifications: []
    m_RemovedComponents: []
  m_ParentPrefab: {fileID: 0}
  m_RootGameObject: {fileID: 1845997198256768}
  m_IsPrefabParent: 1
--- !u!1 &1845997198256768
GameObject:
  serializedVersion: 5
  m_Component:
  - component: {fileID: 224078492049178334}
  - component: {fileID: 114171227947390439}
  m_Layer: 9
  m_Name: low_NisVD4C
  m_TagString: Untagged
  m_Icon: {fileID: 0}
  m_NavMeshLayer: 0
  m_StaticEditorFlags: 0
  m_IsActive: 1
--- !u!224 &224078492049178334
RectTransform:
  m_GameObject: {fileID: 1845997198256768}
  m_LocalRotation: {x: 0, y: 0, z: 0, w: 1}
  m_LocalPosition: {x: 0, y: 6.079674E-06, z: 0}
  m_LocalScale: {x: 1.0001, y: 1.0001, z: 1.0001}
  m_Children:
  - {fileID: 224849337851588862}
  - {fileID: 224741394939443507}
  m_Father: {fileID: 0}
  m_RootOrder: 0
  m_LocalEulerAnglesHint: {x: 0, y: 0, z: 0}
  m_AnchorMin: {x: 0, y: 0}
  m_AnchorMax: {x: 1, y: 1}
  m_AnchoredPosition: {x: 0, y: 6.079674E-06}
  m_SizeDelta: {x: 0, y: 0}
  m_Pivot: {x: 0.5, y: 0.5}
--- !u!114 &114171227947390439
MonoBehaviour:
  m_GameObject: {fileID: 1845997198256768}
  m_Enabled: 1
  m_EditorHideFlags: 0
  m_Script: {fileID: 11500000, guid: 1a2281920c06d55408852a51f2dffbad, type: 3}
  m_Name:
  m_EditorClassIdentifier:
  segments:
  - {fileID: 114622296623032791}
  - {fileID: 114948974261547076}
  - {fileID: 0}
  - {fileID: 0}
  - {fileID: 0}
  inputProxy: {fileID: 0}
  manageInputProxy: 0
  skipPromptDelaySecs: 0
--- !u!1 &1543470875685161
GameObject:
  serializedVersion: 5
  m_Component:
  - component: {fileID: 224849337851588862}
  m_Layer: 9
  m_Name: Panel01
  m_TagString: Untagged
  m_Icon: {fileID: 0}
  m_NavMeshLayer: 0
  m_StaticEditorFlags: 0
  m_IsActive: 0
--- !u!224 &224849337851588862
RectTransform:
  m_GameObject: {fileID: 1543470875685161}
  m_LocalRotation: {x: 0, y: 0, z: 0, w: 1}
  m_LocalPosition: {x: 0, y: 0, z: 0}
  m_LocalScale: {x: 1, y: 1, z: 1}
  m_Children:
  - {fileID: 224591749766436329}
  m_Father: {fileID: 224078492049178334}
  m_RootOrder: 0
  m_LocalEulerAnglesHint: {x: 0, y: 0, z: 0}
  m_AnchorMin: {x: 0, y: 0}
  m_AnchorMax: {x: 1, y: 1}
  m_AnchoredPosition: {x: 0, y: 0}
  m_SizeDelta: {x: 0, y: 0}
  m_Pivot: {x: 0.5, y: 0.5}
--- !u!1 &1021293598495686
GameObject:
  serializedVersion: 5
  m_Component:
  - component: {fileID: 224591749766436329}
  - component: {fileID: 222107351217126900}
  - component: {fileID: 114684985579600048}
  m_Layer: 9
  m_Name: UI
  m_TagString: Untagged
  m_Icon: {fileID: 0}
  m_NavMeshLayer: 0
  m_StaticEditorFlags: 0
  m_IsActive: 1
--- !u!224 &224591749766436329
RectTransform:
  m_GameObject: {fileID: 1021293598495686}
  m_LocalRotation: {x: 0, y: 0, z: 0, w: 1}
  m_LocalPosition: {x: 0, y: 0, z: 0}
  m_LocalScale: {x: 0.9999999, y: 0.9999999, z: 0.9999999}
  m_Children:
  - {fileID: 224841653800479138}
  - {fileID: 224523186254912365}
  - {fileID: 224667940075401077}
  - {fileID: 224169897887091537}
  - {fileID: 224945848232921704}
  - {fileID: 224683728803122085}
  - {fileID: 224492698030020529}
  - {fileID: 224247621349898037}
  - {fileID: 224163441712020781}
  m_Father: {fileID: 224849337851588862}
  m_RootOrder: 0
  m_LocalEulerAnglesHint: {x: 0, y: 0, z: 0}
  m_AnchorMin: {x: 0, y: 0}
  m_AnchorMax: {x: 1, y: 1}
  m_AnchoredPosition: {x: 0, y: 0}
  m_SizeDelta: {x: 0, y: 0}
  m_Pivot: {x: 0.5, y: 0.5}
--- !u!222 &222107351217126900
CanvasRenderer:
  m_GameObject: {fileID: 1021293598495686}
--- !u!114 &114684985579600048
MonoBehaviour:
  m_GameObject: {fileID: 1021293598495686}
  m_Enabled: 1
  m_EditorHideFlags: 0
  m_Script: {fileID: -765806418, guid: f70555f144d8491a825f0804e09c671c, type: 3}
  m_Name:
  m_EditorClassIdentifier:
  m_Material: {fileID: 0}
  m_Color: {r: 1, g: 1, b: 1, a: 1}
  m_RaycastTarget: 1
  m_OnCullStateChanged:
    m_PersistentCalls:
      m_Calls: []
    m_TypeName: UnityEngine.UI.MaskableGraphic+CullStateChangedEvent, UnityEngine.UI, Version=1.0.0.0, Culture=neutral, PublicKeyToken=null
  m_Sprite: {fileID: 0}
  m_Type: 1
  m_PreserveAspect: 0
  m_FillCenter: 1
  m_FillMethod: 4
  m_FillAmount: 1
  m_FillClockwise: 1
  m_FillOrigin: 0
--- !u!1 &1486595377775546
GameObject:
  serializedVersion: 5
  m_Component:
  - component: {fileID: 224841653800479138}
  - component: {fileID: 222898966229400569}
  - component: {fileID: 114831227457557186}
  m_Layer: 9
  m_Name: BottomStrip
  m_TagString: Untagged
  m_Icon: {fileID: 0}
  m_NavMeshLayer: 0
  m_StaticEditorFlags: 0
  m_IsActive: 1
--- !u!224 &224841653800479138
RectTransform:
  m_GameObject: {fileID: 1486595377775546}
  m_LocalRotation: {x: 0, y: 0, z: 0, w: 1}
  m_LocalPosition: {x: 0, y: -178, z: 0}
  m_LocalScale: {x: 0.9999999, y: 0.9999999, z: 0.9999999}
  m_Children: []
  m_Father: {fileID: 224591749766436329}
  m_RootOrder: 0
  m_LocalEulerAnglesHint: {x: 0, y: 0, z: 0}
  m_AnchorMin: {x: 0, y: 0}
  m_AnchorMax: {x: 1, y: 1}
  m_AnchoredPosition: {x: 0, y: -178}
  m_SizeDelta: {x: 0, y: -356}
  m_Pivot: {x: 0.5, y: 0.5}
--- !u!222 &222898966229400569
CanvasRenderer:
  m_GameObject: {fileID: 1486595377775546}
--- !u!114 &114831227457557186
MonoBehaviour:
  m_GameObject: {fileID: 1486595377775546}
  m_Enabled: 1
  m_EditorHideFlags: 0
  m_Script: {fileID: -765806418, guid: f70555f144d8491a825f0804e09c671c, type: 3}
  m_Name:
  m_EditorClassIdentifier:
  m_Material: {fileID: 0}
  m_Color: {r: 0.4117647, g: 0.5647059, b: 0.854902, a: 1}
  m_RaycastTarget: 1
  m_OnCullStateChanged:
    m_PersistentCalls:
      m_Calls: []
    m_TypeName: UnityEngine.UI.MaskableGraphic+CullStateChangedEvent, UnityEngine.UI, Version=1.0.0.0, Culture=neutral, PublicKeyToken=null
  m_Sprite: {fileID: 21300000, guid: ba0f319cf17a5c94582830683c6d2078, type: 3}
  m_Type: 1
  m_PreserveAspect: 0
  m_FillCenter: 1
  m_FillMethod: 4
  m_FillAmount: 1
  m_FillClockwise: 1
  m_FillOrigin: 0
--- !u!1 &1173694373931334
GameObject:
  serializedVersion: 5
  m_Component:
  - component: {fileID: 224523186254912365}
  - component: {fileID: 222579158127674055}
  - component: {fileID: 114884760239929625}
  - component: {fileID: 114432915715759267}
  m_Layer: 9
  m_Name: MiddleStrip
  m_TagString: Untagged
  m_Icon: {fileID: 0}
  m_NavMeshLayer: 0
  m_StaticEditorFlags: 0
  m_IsActive: 1
--- !u!224 &224523186254912365
RectTransform:
  m_GameObject: {fileID: 1173694373931334}
  m_LocalRotation: {x: 0, y: 0, z: 0, w: 1}
  m_LocalPosition: {x: 0, y: 0, z: 0}
  m_LocalScale: {x: 1, y: 1, z: 1}
  m_Children: []
  m_Father: {fileID: 224591749766436329}
  m_RootOrder: 1
  m_LocalEulerAnglesHint: {x: 0, y: 0, z: 0}
  m_AnchorMin: {x: 0, y: 0}
  m_AnchorMax: {x: 1, y: 1}
  m_AnchoredPosition: {x: 0, y: -3.814697E-06}
  m_SizeDelta: {x: 0, y: -642}
  m_Pivot: {x: 0.5, y: 0.5}
--- !u!222 &222579158127674055
CanvasRenderer:
  m_GameObject: {fileID: 1173694373931334}
--- !u!114 &114884760239929625
MonoBehaviour:
  m_GameObject: {fileID: 1173694373931334}
  m_Enabled: 1
  m_EditorHideFlags: 0
  m_Script: {fileID: -765806418, guid: f70555f144d8491a825f0804e09c671c, type: 3}
  m_Name:
  m_EditorClassIdentifier:
  m_Material: {fileID: 0}
  m_Color: {r: 0.6705883, g: 0.9137255, b: 1, a: 1}
  m_RaycastTarget: 1
  m_OnCullStateChanged:
    m_PersistentCalls:
      m_Calls: []
    m_TypeName: UnityEngine.UI.MaskableGraphic+CullStateChangedEvent, UnityEngine.UI, Version=1.0.0.0, Culture=neutral, PublicKeyToken=null
  m_Sprite: {fileID: 0}
  m_Type: 1
  m_PreserveAspect: 0
  m_FillCenter: 1
  m_FillMethod: 4
  m_FillAmount: 1
  m_FillClockwise: 1
  m_FillOrigin: 0
--- !u!114 &114432915715759267
MonoBehaviour:
  m_GameObject: {fileID: 1173694373931334}
  m_Enabled: 1
  m_EditorHideFlags: 0
  m_Script: {fileID: 1573420865, guid: f70555f144d8491a825f0804e09c671c, type: 3}
  m_Name:
  m_EditorClassIdentifier:
  m_EffectColor: {r: 0, g: 0, b: 0, a: 0.1529412}
  m_EffectDistance: {x: 0, y: -10}
  m_UseGraphicAlpha: 1
--- !u!1 &1163630468979939
GameObject:
  serializedVersion: 5
  m_Component:
  - component: {fileID: 224667940075401077}
  m_Layer: 9
  m_Name: Panel
  m_TagString: Untagged
  m_Icon: {fileID: 0}
  m_NavMeshLayer: 0
  m_StaticEditorFlags: 0
  m_IsActive: 1
--- !u!224 &224667940075401077
RectTransform:
  m_GameObject: {fileID: 1163630468979939}
  m_LocalRotation: {x: 0, y: 0, z: 0, w: 1}
  m_LocalPosition: {x: 0, y: 160, z: 0}
  m_LocalScale: {x: 1, y: 1, z: 1}
  m_Children:
  - {fileID: 224312426168969167}
  m_Father: {fileID: 224591749766436329}
  m_RootOrder: 2
  m_LocalEulerAnglesHint: {x: 0, y: 0, z: 0}
  m_AnchorMin: {x: 0.5, y: 0.5}
  m_AnchorMax: {x: 0.5, y: 0.5}
  m_AnchoredPosition: {x: 0, y: 160}
  m_SizeDelta: {x: 0, y: 0}
  m_Pivot: {x: 0.5, y: 0.5}
--- !u!1 &1072268605488748
GameObject:
  serializedVersion: 5
  m_Component:
  - component: {fileID: 224312426168969167}
  - component: {fileID: 222349020265574637}
  - component: {fileID: 114091246100712347}
  - component: {fileID: 114901613595824045}
  m_Layer: 9
  m_Name: InsideMask
  m_TagString: Untagged
  m_Icon: {fileID: 0}
  m_NavMeshLayer: 0
  m_StaticEditorFlags: 0
  m_IsActive: 1
--- !u!224 &224312426168969167
RectTransform:
  m_GameObject: {fileID: 1072268605488748}
  m_LocalRotation: {x: 0, y: 0, z: 0, w: 1}
  m_LocalPosition: {x: 0, y: 0, z: 0}
  m_LocalScale: {x: 1, y: 1, z: 1}
  m_Children:
  - {fileID: 224652348597303007}
  - {fileID: 224785763095942244}
  m_Father: {fileID: 224667940075401077}
  m_RootOrder: 0
  m_LocalEulerAnglesHint: {x: 0, y: 0, z: 0}
  m_AnchorMin: {x: 0.5, y: 0.5}
  m_AnchorMax: {x: 0.5, y: 0.5}
  m_AnchoredPosition: {x: 0, y: 0}
  m_SizeDelta: {x: 896, y: 384}
  m_Pivot: {x: 0.5, y: 0.5}
--- !u!222 &222349020265574637
CanvasRenderer:
  m_GameObject: {fileID: 1072268605488748}
--- !u!114 &114091246100712347
MonoBehaviour:
  m_GameObject: {fileID: 1072268605488748}
  m_Enabled: 1
  m_EditorHideFlags: 0
  m_Script: {fileID: -765806418, guid: f70555f144d8491a825f0804e09c671c, type: 3}
  m_Name:
  m_EditorClassIdentifier:
  m_Material: {fileID: 0}
  m_Color: {r: 1, g: 0, b: 0, a: 1}
  m_RaycastTarget: 1
  m_OnCullStateChanged:
    m_PersistentCalls:
      m_Calls: []
    m_TypeName: UnityEngine.UI.MaskableGraphic+CullStateChangedEvent, UnityEngine.UI, Version=1.0.0.0, Culture=neutral, PublicKeyToken=null
  m_Sprite: {fileID: 0}
  m_Type: 1
  m_PreserveAspect: 0
  m_FillCenter: 1
  m_FillMethod: 4
  m_FillAmount: 1
  m_FillClockwise: 1
  m_FillOrigin: 0
--- !u!114 &114901613595824045
MonoBehaviour:
  m_GameObject: {fileID: 1072268605488748}
  m_Enabled: 1
  m_EditorHideFlags: 0
  m_Script: {fileID: -1200242548, guid: f70555f144d8491a825f0804e09c671c, type: 3}
  m_Name:
  m_EditorClassIdentifier:
  m_ShowMaskGraphic: 0
--- !u!1 &1467319574145859
GameObject:
  serializedVersion: 5
  m_Component:
  - component: {fileID: 224652348597303007}
  - component: {fileID: 222135994102392051}
  - component: {fileID: 114453149471591946}
  m_Layer: 9
  m_Name: Background
  m_TagString: Untagged
  m_Icon: {fileID: 0}
  m_NavMeshLayer: 0
  m_StaticEditorFlags: 0
  m_IsActive: 1
--- !u!224 &224652348597303007
RectTransform:
  m_GameObject: {fileID: 1467319574145859}
  m_LocalRotation: {x: 0, y: 0, z: 0, w: 1}
  m_LocalPosition: {x: 3, y: -68, z: 0}
  m_LocalScale: {x: 1, y: 1, z: 1}
  m_Children: []
  m_Father: {fileID: 224312426168969167}
  m_RootOrder: 0
  m_LocalEulerAnglesHint: {x: 0, y: 0, z: 0}
  m_AnchorMin: {x: 0.5, y: 0.5}
  m_AnchorMax: {x: 0.5, y: 0.5}
  m_AnchoredPosition: {x: 3, y: -68}
  m_SizeDelta: {x: 1000, y: 684}
  m_Pivot: {x: 0.5, y: 0.5}
--- !u!222 &222135994102392051
CanvasRenderer:
  m_GameObject: {fileID: 1467319574145859}
--- !u!114 &114453149471591946
MonoBehaviour:
  m_GameObject: {fileID: 1467319574145859}
  m_Enabled: 1
  m_EditorHideFlags: 0
  m_Script: {fileID: -765806418, guid: f70555f144d8491a825f0804e09c671c, type: 3}
  m_Name:
  m_EditorClassIdentifier:
  m_Material: {fileID: 0}
  m_Color: {r: 1, g: 1, b: 1, a: 1}
  m_RaycastTarget: 1
  m_OnCullStateChanged:
    m_PersistentCalls:
      m_Calls: []
    m_TypeName: UnityEngine.UI.MaskableGraphic+CullStateChangedEvent, UnityEngine.UI, Version=1.0.0.0, Culture=neutral, PublicKeyToken=null
  m_Sprite: {fileID: 21300000, guid: 50cd40258bdf0644e98b64482f25c469, type: 3}
  m_Type: 0
  m_PreserveAspect: 1
  m_FillCenter: 1
  m_FillMethod: 4
  m_FillAmount: 1
  m_FillClockwise: 1
  m_FillOrigin: 0
--- !u!1 &1108523354634586
GameObject:
  serializedVersion: 5
  m_Component:
  - component: {fileID: 224785763095942244}
  - component: {fileID: 222018110814362162}
  - component: {fileID: 114156764614974630}
  - component: {fileID: 114420873866353451}
  m_Layer: 9
  m_Name: PG
  m_TagString: Untagged
  m_Icon: {fileID: 0}
  m_NavMeshLayer: 0
  m_StaticEditorFlags: 0
  m_IsActive: 1
--- !u!224 &224785763095942244
RectTransform:
  m_GameObject: {fileID: 1108523354634586}
  m_LocalRotation: {x: 0, y: 0, z: 0, w: 1}
  m_LocalPosition: {x: -491, y: -479, z: 0}
  m_LocalScale: {x: 1, y: 1, z: 1}
  m_Children: []
  m_Father: {fileID: 224312426168969167}
  m_RootOrder: 1
  m_LocalEulerAnglesHint: {x: 0, y: 0, z: 0}
  m_AnchorMin: {x: 0.5, y: 0.5}
  m_AnchorMax: {x: 0.5, y: 0.5}
  m_AnchoredPosition: {x: -491, y: -479}
  m_SizeDelta: {x: 384, y: 387}
  m_Pivot: {x: 0.5, y: 0.5}
--- !u!222 &222018110814362162
CanvasRenderer:
  m_GameObject: {fileID: 1108523354634586}
--- !u!114 &114156764614974630
MonoBehaviour:
  m_GameObject: {fileID: 1108523354634586}
  m_Enabled: 1
  m_EditorHideFlags: 0
  m_Script: {fileID: -765806418, guid: f70555f144d8491a825f0804e09c671c, type: 3}
  m_Name:
  m_EditorClassIdentifier:
  m_Material: {fileID: 0}
  m_Color: {r: 1, g: 1, b: 1, a: 1}
  m_RaycastTarget: 1
  m_OnCullStateChanged:
    m_PersistentCalls:
      m_Calls: []
    m_TypeName: UnityEngine.UI.MaskableGraphic+CullStateChangedEvent, UnityEngine.UI, Version=1.0.0.0, Culture=neutral, PublicKeyToken=null
  m_Sprite: {fileID: 21300004, guid: 50cd40258bdf0644e98b64482f25c469, type: 3}
  m_Type: 0
  m_PreserveAspect: 0
  m_FillCenter: 1
  m_FillMethod: 4
  m_FillAmount: 1
  m_FillClockwise: 1
  m_FillOrigin: 0
--- !u!114 &114420873866353451
MonoBehaviour:
  m_GameObject: {fileID: 1108523354634586}
  m_Enabled: 1
  m_EditorHideFlags: 0
  m_Script: {fileID: 11500000, guid: f7304cca2e9d2704fab0ce1815d3c5e4, type: 3}
  m_Name:
  m_EditorClassIdentifier:
  label:
  method: 0
  style: 0
  animationCurve:
    serializedVersion: 2
    m_Curve:
    - serializedVersion: 2
      time: 0
      value: 0
      inSlope: 0
      outSlope: 1
      tangentMode: 0
    - serializedVersion: 2
      time: 1
      value: 1
      inSlope: 1
      outSlope: 0
      tangentMode: 0
    m_PreInfinity: 2
    m_PostInfinity: 2
    m_RotationOrder: 0
  ignoreTimeScale: 1
  delay: 0.5
  duration: 0.4
  steeperCurves: 0
  tweenGroup: 0
  DisableInputWhileTweening: 0
  eventReceiver: {fileID: 0}
  callWhenFinished:
  from: {x: -491, y: -479, z: 0}
  to: {x: -107, y: -7, z: 0}
--- !u!1 &1520687151916556
GameObject:
  serializedVersion: 5
  m_Component:
  - component: {fileID: 224169897887091537}
  - component: {fileID: 222827640766140207}
  - component: {fileID: 114329200227465440}
  m_Layer: 9
  m_Name: Border
  m_TagString: Untagged
  m_Icon: {fileID: 0}
  m_NavMeshLayer: 0
  m_StaticEditorFlags: 0
  m_IsActive: 1
--- !u!224 &224169897887091537
RectTransform:
  m_GameObject: {fileID: 1520687151916556}
  m_LocalRotation: {x: 0, y: 0, z: 0, w: 1}
  m_LocalPosition: {x: 0, y: 160, z: 0}
  m_LocalScale: {x: 1, y: 1, z: 1}
  m_Children: []
  m_Father: {fileID: 224591749766436329}
  m_RootOrder: 3
  m_LocalEulerAnglesHint: {x: 0, y: 0, z: 0}
  m_AnchorMin: {x: 0.5, y: 0.5}
  m_AnchorMax: {x: 0.5, y: 0.5}
  m_AnchoredPosition: {x: 0, y: 160}
  m_SizeDelta: {x: 902, y: 390}
  m_Pivot: {x: 0.5, y: 0.5}
--- !u!222 &222827640766140207
CanvasRenderer:
  m_GameObject: {fileID: 1520687151916556}
--- !u!114 &114329200227465440
MonoBehaviour:
  m_GameObject: {fileID: 1520687151916556}
  m_Enabled: 1
  m_EditorHideFlags: 0
  m_Script: {fileID: -765806418, guid: f70555f144d8491a825f0804e09c671c, type: 3}
  m_Name:
  m_EditorClassIdentifier:
  m_Material: {fileID: 0}
  m_Color: {r: 1, g: 1, b: 1, a: 1}
  m_RaycastTarget: 1
  m_OnCullStateChanged:
    m_PersistentCalls:
      m_Calls: []
    m_TypeName: UnityEngine.UI.MaskableGraphic+CullStateChangedEvent, UnityEngine.UI, Version=1.0.0.0, Culture=neutral, PublicKeyToken=null
  m_Sprite: {fileID: 21300002, guid: 50cd40258bdf0644e98b64482f25c469, type: 3}
  m_Type: 1
  m_PreserveAspect: 0
  m_FillCenter: 1
  m_FillMethod: 4
  m_FillAmount: 1
  m_FillClockwise: 1
  m_FillOrigin: 0
--- !u!1 &1611357539280313
GameObject:
  serializedVersion: 5
  m_Component:
  - component: {fileID: 224945848232921704}
  - component: {fileID: 222516730932441584}
  - component: {fileID: 114987022661846514}
  - component: {fileID: 114028366719111270}
  - component: {fileID: 114817917872406139}
  m_Layer: 9
  m_Name: Border 1
  m_TagString: Untagged
  m_Icon: {fileID: 0}
  m_NavMeshLayer: 0
  m_StaticEditorFlags: 0
  m_IsActive: 1
--- !u!224 &224945848232921704
RectTransform:
  m_GameObject: {fileID: 1611357539280313}
  m_LocalRotation: {x: 0, y: 0, z: 0, w: 1}
  m_LocalPosition: {x: -190, y: -115, z: 0}
  m_LocalScale: {x: 0.9999, y: 0.9999, z: 0.9999}
  m_Children: []
  m_Father: {fileID: 224591749766436329}
  m_RootOrder: 4
  m_LocalEulerAnglesHint: {x: 0, y: 0, z: 0}
  m_AnchorMin: {x: 0.5, y: 0.5}
  m_AnchorMax: {x: 0.5, y: 0.5}
  m_AnchoredPosition: {x: -190, y: -115}
  m_SizeDelta: {x: 520, y: 132}
  m_Pivot: {x: 0.5, y: 0.5}
--- !u!222 &222516730932441584
CanvasRenderer:
  m_GameObject: {fileID: 1611357539280313}
--- !u!114 &114987022661846514
MonoBehaviour:
  m_GameObject: {fileID: 1611357539280313}
  m_Enabled: 1
  m_EditorHideFlags: 0
  m_Script: {fileID: -765806418, guid: f70555f144d8491a825f0804e09c671c, type: 3}
  m_Name:
  m_EditorClassIdentifier:
  m_Material: {fileID: 0}
  m_Color: {r: 1, g: 1, b: 1, a: 0}
  m_RaycastTarget: 1
  m_OnCullStateChanged:
    m_PersistentCalls:
      m_Calls: []
    m_TypeName: UnityEngine.UI.MaskableGraphic+CullStateChangedEvent, UnityEngine.UI, Version=1.0.0.0, Culture=neutral, PublicKeyToken=null
  m_Sprite: {fileID: 21300006, guid: 50cd40258bdf0644e98b64482f25c469, type: 3}
  m_Type: 1
  m_PreserveAspect: 0
  m_FillCenter: 1
  m_FillMethod: 4
  m_FillAmount: 1
  m_FillClockwise: 1
  m_FillOrigin: 0
--- !u!114 &114028366719111270
MonoBehaviour:
  m_GameObject: {fileID: 1611357539280313}
  m_Enabled: 1
  m_EditorHideFlags: 0
  m_Script: {fileID: 11500000, guid: a7462a6f86a1293479f96c611435dc98, type: 3}
  m_Name:
  m_EditorClassIdentifier:
  label:
  method: 0
  style: 0
  animationCurve:
    serializedVersion: 2
    m_Curve:
    - serializedVersion: 2
      time: 0
      value: 0
      inSlope: 0
      outSlope: 1
      tangentMode: 0
    - serializedVersion: 2
      time: 1
      value: 1
      inSlope: 1
      outSlope: 0
      tangentMode: 0
    m_PreInfinity: 2
    m_PostInfinity: 2
    m_RotationOrder: 0
  ignoreTimeScale: 1
  delay: 1.5
  duration: 0.2
  steeperCurves: 0
  tweenGroup: 0
  DisableInputWhileTweening: 0
  eventReceiver: {fileID: 0}
  callWhenFinished:
  from: 0
  to: 1
--- !u!114 &114817917872406139
MonoBehaviour:
  m_GameObject: {fileID: 1611357539280313}
  m_Enabled: 1
  m_EditorHideFlags: 0
  m_Script: {fileID: 11500000, guid: a7462a6f86a1293479f96c611435dc98, type: 3}
  m_Name:
  m_EditorClassIdentifier:
  label:
  method: 0
  style: 0
  animationCurve:
    serializedVersion: 2
    m_Curve:
    - serializedVersion: 2
      time: 0
      value: 0
      inSlope: 0
      outSlope: 1
      tangentMode: 0
    - serializedVersion: 2
      time: 1
      value: 1
      inSlope: 1
      outSlope: 0
      tangentMode: 0
    m_PreInfinity: 2
    m_PostInfinity: 2
    m_RotationOrder: 0
  ignoreTimeScale: 1
  delay: 4.5
  duration: 0.2
  steeperCurves: 0
  tweenGroup: 0
  DisableInputWhileTweening: 0
  eventReceiver: {fileID: 0}
  callWhenFinished:
  from: 1
  to: 0
--- !u!1 &1821735399244859
GameObject:
  serializedVersion: 5
  m_Component:
  - component: {fileID: 224683728803122085}
  - component: {fileID: 222944396570232879}
  - component: {fileID: 114226402183302452}
  - component: {fileID: 114650762499439075}
  - component: {fileID: 114938361552076105}
  - component: {fileID: 114300192442373162}
  m_Layer: 0
  m_Name: PGName
  m_TagString: Untagged
  m_Icon: {fileID: 0}
  m_NavMeshLayer: 0
  m_StaticEditorFlags: 0
  m_IsActive: 1
--- !u!224 &224683728803122085
RectTransform:
  m_GameObject: {fileID: 1821735399244859}
  m_LocalRotation: {x: 0, y: 0, z: 0, w: 1}
  m_LocalPosition: {x: -190, y: -82.9, z: 0}
  m_LocalScale: {x: 1.0001, y: 1.0001, z: 1.0001}
  m_Children: []
  m_Father: {fileID: 224591749766436329}
  m_RootOrder: 5
  m_LocalEulerAnglesHint: {x: 0, y: 0, z: 0}
  m_AnchorMin: {x: 0.5, y: 0.5}
  m_AnchorMax: {x: 0.5, y: 0.5}
  m_AnchoredPosition: {x: -190, y: -82.9}
  m_SizeDelta: {x: 468, y: 40}
  m_Pivot: {x: 0.5, y: 0.5}
--- !u!222 &222944396570232879
CanvasRenderer:
  m_GameObject: {fileID: 1821735399244859}
--- !u!114 &114226402183302452
MonoBehaviour:
  m_GameObject: {fileID: 1821735399244859}
  m_Enabled: 1
  m_EditorHideFlags: 0
  m_Script: {fileID: 708705254, guid: f70555f144d8491a825f0804e09c671c, type: 3}
  m_Name:
  m_EditorClassIdentifier:
  m_Material: {fileID: 0}
  m_Color: {r: 0.5882353, g: 0.5882353, b: 0.5882353, a: 0}
  m_RaycastTarget: 1
  m_OnCullStateChanged:
    m_PersistentCalls:
      m_Calls: []
    m_TypeName: UnityEngine.UI.MaskableGraphic+CullStateChangedEvent, UnityEngine.UI, Version=1.0.0.0, Culture=neutral, PublicKeyToken=null
  m_FontData:
    m_Font: {fileID: 12800000, guid: 5cddca35a8ee91743ba295b419db2196, type: 3}
    m_FontSize: 29
    m_FontStyle: 0
    m_BestFit: 1
    m_MinSize: 20
    m_MaxSize: 29
    m_Alignment: 0
    m_RichText: 1
    m_HorizontalOverflow: 0
    m_VerticalOverflow: 0
    m_LineSpacing: 1
  m_Text: '!!FC_NIS_CHAR_DIALOG_09'
--- !u!114 &114650762499439075
MonoBehaviour:
  m_GameObject: {fileID: 1821735399244859}
  m_Enabled: 1
  m_EditorHideFlags: 0
  m_Script: {fileID: 11500000, guid: 3dbabdb6cbf9d5244bcbe1436cfbf160, type: 3}
  m_Name:
  m_EditorClassIdentifier:
--- !u!114 &114938361552076105
MonoBehaviour:
  m_GameObject: {fileID: 1821735399244859}
  m_Enabled: 1
  m_EditorHideFlags: 0
  m_Script: {fileID: 11500000, guid: a7462a6f86a1293479f96c611435dc98, type: 3}
  m_Name:
  m_EditorClassIdentifier:
  label:
  method: 0
  style: 0
  animationCurve:
    serializedVersion: 2
    m_Curve:
    - serializedVersion: 2
      time: 0
      value: 0
      inSlope: 0
      outSlope: 1
      tangentMode: 0
    - serializedVersion: 2
      time: 1
      value: 1
      inSlope: 1
      outSlope: 0
      tangentMode: 0
    m_PreInfinity: 2
    m_PostInfinity: 2
    m_RotationOrder: 0
  ignoreTimeScale: 1
  delay: 1.6
  duration: 0.2
  steeperCurves: 0
  tweenGroup: 0
  DisableInputWhileTweening: 0
  eventReceiver: {fileID: 0}
  callWhenFinished:
  from: 0
  to: 1
--- !u!114 &114300192442373162
MonoBehaviour:
  m_GameObject: {fileID: 1821735399244859}
  m_Enabled: 1
  m_EditorHideFlags: 0
  m_Script: {fileID: 11500000, guid: a7462a6f86a1293479f96c611435dc98, type: 3}
  m_Name:
  m_EditorClassIdentifier:
  label:
  method: 0
  style: 0
  animationCurve:
    serializedVersion: 2
    m_Curve:
    - serializedVersion: 2
      time: 0
      value: 0
      inSlope: 0
      outSlope: 1
      tangentMode: 0
    - serializedVersion: 2
      time: 1
      value: 1
      inSlope: 1
      outSlope: 0
      tangentMode: 0
    m_PreInfinity: 2
    m_PostInfinity: 2
    m_RotationOrder: 0
  ignoreTimeScale: 1
  delay: 4.4
  duration: 0.2
  steeperCurves: 0
  tweenGroup: 0
  DisableInputWhileTweening: 0
  eventReceiver: {fileID: 0}
  callWhenFinished:
  from: 1
  to: 0
--- !u!1 &1620142294604616
GameObject:
  serializedVersion: 5
  m_Component:
  - component: {fileID: 224492698030020529}
  - component: {fileID: 222692493969180000}
  - component: {fileID: 114183523097675773}
  - component: {fileID: 114758205368474169}
  - component: {fileID: 114528885069235801}
  - component: {fileID: 114030252405160383}
  m_Layer: 0
  m_Name: PGText
  m_TagString: Untagged
  m_Icon: {fileID: 0}
  m_NavMeshLayer: 0
  m_StaticEditorFlags: 0
  m_IsActive: 1
--- !u!224 &224492698030020529
RectTransform:
  m_GameObject: {fileID: 1620142294604616}
  m_LocalRotation: {x: 0, y: 0, z: 0, w: 1}
  m_LocalPosition: {x: -190, y: -135, z: 0}
  m_LocalScale: {x: 1, y: 1, z: 1}
  m_Children: []
  m_Father: {fileID: 224591749766436329}
  m_RootOrder: 6
  m_LocalEulerAnglesHint: {x: 0, y: 0, z: 0}
  m_AnchorMin: {x: 0.5, y: 0.5}
  m_AnchorMax: {x: 0.5, y: 0.5}
  m_AnchoredPosition: {x: -190, y: -135}
  m_SizeDelta: {x: 468, y: 64}
  m_Pivot: {x: 0.5, y: 0.5}
--- !u!222 &222692493969180000
CanvasRenderer:
  m_GameObject: {fileID: 1620142294604616}
--- !u!114 &114183523097675773
MonoBehaviour:
  m_GameObject: {fileID: 1620142294604616}
  m_Enabled: 1
  m_EditorHideFlags: 0
  m_Script: {fileID: 708705254, guid: f70555f144d8491a825f0804e09c671c, type: 3}
  m_Name:
  m_EditorClassIdentifier:
  m_Material: {fileID: 0}
  m_Color: {r: 0.2431373, g: 0.2431373, b: 0.2470588, a: 0}
  m_RaycastTarget: 1
  m_OnCullStateChanged:
    m_PersistentCalls:
      m_Calls: []
    m_TypeName: UnityEngine.UI.MaskableGraphic+CullStateChangedEvent, UnityEngine.UI, Version=1.0.0.0, Culture=neutral, PublicKeyToken=null
  m_FontData:
    m_Font: {fileID: 12800000, guid: 5cddca35a8ee91743ba295b419db2196, type: 3}
    m_FontSize: 30
    m_FontStyle: 0
    m_BestFit: 1
    m_MinSize: 20
    m_MaxSize: 30
    m_Alignment: 0
    m_RichText: 1
    m_HorizontalOverflow: 0
    m_VerticalOverflow: 0
    m_LineSpacing: 1
  m_Text: '!!VD_NIS_07_DIALOG_1A'
--- !u!114 &114758205368474169
MonoBehaviour:
  m_GameObject: {fileID: 1620142294604616}
  m_Enabled: 1
  m_EditorHideFlags: 0
  m_Script: {fileID: 11500000, guid: 3dbabdb6cbf9d5244bcbe1436cfbf160, type: 3}
  m_Name:
  m_EditorClassIdentifier:
--- !u!114 &114528885069235801
MonoBehaviour:
  m_GameObject: {fileID: 1620142294604616}
  m_Enabled: 1
  m_EditorHideFlags: 0
  m_Script: {fileID: 11500000, guid: a7462a6f86a1293479f96c611435dc98, type: 3}
  m_Name:
  m_EditorClassIdentifier:
  label:
  method: 0
  style: 0
  animationCurve:
    serializedVersion: 2
    m_Curve:
    - serializedVersion: 2
      time: 0
      value: 0
      inSlope: 0
      outSlope: 1
      tangentMode: 0
    - serializedVersion: 2
      time: 1
      value: 1
      inSlope: 1
      outSlope: 0
      tangentMode: 0
    m_PreInfinity: 2
    m_PostInfinity: 2
    m_RotationOrder: 0
  ignoreTimeScale: 1
  delay: 1.6
  duration: 0.2
  steeperCurves: 0
  tweenGroup: 0
  DisableInputWhileTweening: 0
  eventReceiver: {fileID: 0}
  callWhenFinished:
  from: 0
  to: 1
--- !u!114 &114030252405160383
MonoBehaviour:
  m_GameObject: {fileID: 1620142294604616}
  m_Enabled: 1
  m_EditorHideFlags: 0
  m_Script: {fileID: 11500000, guid: a7462a6f86a1293479f96c611435dc98, type: 3}
  m_Name:
  m_EditorClassIdentifier:
  label:
  method: 0
  style: 0
  animationCurve:
    serializedVersion: 2
    m_Curve:
    - serializedVersion: 2
      time: 0
      value: 0
      inSlope: 0
      outSlope: 1
      tangentMode: 0
    - serializedVersion: 2
      time: 1
      value: 1
      inSlope: 1
      outSlope: 0
      tangentMode: 0
    m_PreInfinity: 2
    m_PostInfinity: 2
    m_RotationOrder: 0
  ignoreTimeScale: 1
  delay: 4.4
  duration: 0.2
  steeperCurves: 0
  tweenGroup: 0
  DisableInputWhileTweening: 0
  eventReceiver: {fileID: 0}
  callWhenFinished:
  from: 1
  to: 0
--- !u!1 &1040946410357214
GameObject:
  serializedVersion: 5
  m_Component:
  - component: {fileID: 224247621349898037}
  - component: {fileID: 222136582051579246}
  - component: {fileID: 114530068154125172}
  - component: {fileID: 114856836339771971}
  - component: {fileID: 114979471067565002}
  m_Layer: 9
  m_Name: Border 2
  m_TagString: Untagged
  m_Icon: {fileID: 0}
  m_NavMeshLayer: 0
  m_StaticEditorFlags: 0
  m_IsActive: 1
--- !u!224 &224247621349898037
RectTransform:
  m_GameObject: {fileID: 1040946410357214}
  m_LocalRotation: {x: 0, y: 0, z: 0, w: 1}
  m_LocalPosition: {x: 0.001159668, y: -294, z: 0}
  m_LocalScale: {x: 0.9999, y: 0.9999, z: 0.9999}
  m_Children: []
  m_Father: {fileID: 224591749766436329}
  m_RootOrder: 7
  m_LocalEulerAnglesHint: {x: 0, y: 0, z: 0}
  m_AnchorMin: {x: 0.5, y: 0.5}
  m_AnchorMax: {x: 0.5, y: 0.5}
  m_AnchoredPosition: {x: 0.001163006, y: -294}
  m_SizeDelta: {x: 902, y: 138}
  m_Pivot: {x: 0.5, y: 0.5}
--- !u!222 &222136582051579246
CanvasRenderer:
  m_GameObject: {fileID: 1040946410357214}
--- !u!114 &114530068154125172
MonoBehaviour:
  m_GameObject: {fileID: 1040946410357214}
  m_Enabled: 1
  m_EditorHideFlags: 0
  m_Script: {fileID: -765806418, guid: f70555f144d8491a825f0804e09c671c, type: 3}
  m_Name:
  m_EditorClassIdentifier:
  m_Material: {fileID: 0}
  m_Color: {r: 1, g: 1, b: 1, a: 0}
  m_RaycastTarget: 1
  m_OnCullStateChanged:
    m_PersistentCalls:
      m_Calls: []
    m_TypeName: UnityEngine.UI.MaskableGraphic+CullStateChangedEvent, UnityEngine.UI, Version=1.0.0.0, Culture=neutral, PublicKeyToken=null
  m_Sprite: {fileID: 21300008, guid: 50cd40258bdf0644e98b64482f25c469, type: 3}
  m_Type: 1
  m_PreserveAspect: 0
  m_FillCenter: 1
  m_FillMethod: 4
  m_FillAmount: 1
  m_FillClockwise: 1
  m_FillOrigin: 0
--- !u!114 &114856836339771971
MonoBehaviour:
  m_GameObject: {fileID: 1040946410357214}
  m_Enabled: 1
  m_EditorHideFlags: 0
  m_Script: {fileID: 11500000, guid: a7462a6f86a1293479f96c611435dc98, type: 3}
  m_Name:
  m_EditorClassIdentifier:
  label:
  method: 0
  style: 0
  animationCurve:
    serializedVersion: 2
    m_Curve:
    - serializedVersion: 2
      time: 0
      value: 0
      inSlope: 0
      outSlope: 1
      tangentMode: 0
    - serializedVersion: 2
      time: 1
      value: 1
      inSlope: 1
      outSlope: 0
      tangentMode: 0
    m_PreInfinity: 2
    m_PostInfinity: 2
    m_RotationOrder: 0
  ignoreTimeScale: 1
  delay: 2.5
  duration: 0.2
  steeperCurves: 0
  tweenGroup: 0
  DisableInputWhileTweening: 0
  eventReceiver: {fileID: 0}
  callWhenFinished:
  from: 0
  to: 1
--- !u!114 &114979471067565002
MonoBehaviour:
  m_GameObject: {fileID: 1040946410357214}
  m_Enabled: 1
  m_EditorHideFlags: 0
  m_Script: {fileID: 11500000, guid: a7462a6f86a1293479f96c611435dc98, type: 3}
  m_Name:
  m_EditorClassIdentifier:
  label:
  method: 0
  style: 0
  animationCurve:
    serializedVersion: 2
    m_Curve:
    - serializedVersion: 2
      time: 0
      value: 0
      inSlope: 0
      outSlope: 1
      tangentMode: 0
    - serializedVersion: 2
      time: 1
      value: 1
      inSlope: 1
      outSlope: 0
      tangentMode: 0
    m_PreInfinity: 2
    m_PostInfinity: 2
    m_RotationOrder: 0
  ignoreTimeScale: 1
  delay: 6.5
  duration: 0.2
  steeperCurves: 0
  tweenGroup: 0
  DisableInputWhileTweening: 0
  eventReceiver: {fileID: 0}
  callWhenFinished:
  from: 1
  to: 0
--- !u!1 &1187444874185449
GameObject:
  serializedVersion: 5
  m_Component:
  - component: {fileID: 224163441712020781}
  - component: {fileID: 222236717334839935}
  - component: {fileID: 114241656571776009}
  - component: {fileID: 114390770169962832}
  - component: {fileID: 114974655417820106}
  - component: {fileID: 114788074945877931}
  m_Layer: 0
  m_Name: PGText 2
  m_TagString: Untagged
  m_Icon: {fileID: 0}
  m_NavMeshLayer: 0
  m_StaticEditorFlags: 0
  m_IsActive: 1
--- !u!224 &224163441712020781
RectTransform:
  m_GameObject: {fileID: 1187444874185449}
  m_LocalRotation: {x: 0, y: 0, z: 0, w: 1}
  m_LocalPosition: {x: 1, y: -296, z: 0}
  m_LocalScale: {x: 1, y: 1, z: 1}
  m_Children: []
  m_Father: {fileID: 224591749766436329}
  m_RootOrder: 8
  m_LocalEulerAnglesHint: {x: 0, y: 0, z: 0}
  m_AnchorMin: {x: 0.5, y: 0.5}
  m_AnchorMax: {x: 0.5, y: 0.5}
  m_AnchoredPosition: {x: 1, y: -296}
  m_SizeDelta: {x: 855, y: 107}
  m_Pivot: {x: 0.5, y: 0.5}
--- !u!222 &222236717334839935
CanvasRenderer:
  m_GameObject: {fileID: 1187444874185449}
--- !u!114 &114241656571776009
MonoBehaviour:
  m_GameObject: {fileID: 1187444874185449}
  m_Enabled: 1
  m_EditorHideFlags: 0
  m_Script: {fileID: 708705254, guid: f70555f144d8491a825f0804e09c671c, type: 3}
  m_Name:
  m_EditorClassIdentifier:
  m_Material: {fileID: 0}
  m_Color: {r: 0.2431373, g: 0.2431373, b: 0.2470588, a: 0}
  m_RaycastTarget: 1
  m_OnCullStateChanged:
    m_PersistentCalls:
      m_Calls: []
    m_TypeName: UnityEngine.UI.MaskableGraphic+CullStateChangedEvent, UnityEngine.UI, Version=1.0.0.0, Culture=neutral, PublicKeyToken=null
  m_FontData:
    m_Font: {fileID: 12800000, guid: 5cddca35a8ee91743ba295b419db2196, type: 3}
    m_FontSize: 30
    m_FontStyle: 0
    m_BestFit: 1
    m_MinSize: 20
    m_MaxSize: 30
    m_Alignment: 0
    m_RichText: 1
    m_HorizontalOverflow: 0
    m_VerticalOverflow: 0
    m_LineSpacing: 1
  m_Text: '!!VD_NIS_16_DIALOG_1A'
--- !u!114 &114390770169962832
MonoBehaviour:
  m_GameObject: {fileID: 1187444874185449}
  m_Enabled: 1
  m_EditorHideFlags: 0
  m_Script: {fileID: 11500000, guid: 3dbabdb6cbf9d5244bcbe1436cfbf160, type: 3}
  m_Name:
  m_EditorClassIdentifier:
--- !u!114 &114974655417820106
MonoBehaviour:
  m_GameObject: {fileID: 1187444874185449}
  m_Enabled: 1
  m_EditorHideFlags: 0
  m_Script: {fileID: 11500000, guid: a7462a6f86a1293479f96c611435dc98, type: 3}
  m_Name:
  m_EditorClassIdentifier:
  label:
  method: 0
  style: 0
  animationCurve:
    serializedVersion: 2
    m_Curve:
    - serializedVersion: 2
      time: 0
      value: 0
      inSlope: 0
      outSlope: 1
      tangentMode: 0
    - serializedVersion: 2
      time: 1
      value: 1
      inSlope: 1
      outSlope: 0
      tangentMode: 0
    m_PreInfinity: 2
    m_PostInfinity: 2
    m_RotationOrder: 0
  ignoreTimeScale: 1
  delay: 2.6
  duration: 0.2
  steeperCurves: 0
  tweenGroup: 0
  DisableInputWhileTweening: 0
  eventReceiver: {fileID: 0}
  callWhenFinished:
  from: 0
  to: 1
--- !u!114 &114788074945877931
MonoBehaviour:
  m_GameObject: {fileID: 1187444874185449}
  m_Enabled: 1
  m_EditorHideFlags: 0
  m_Script: {fileID: 11500000, guid: a7462a6f86a1293479f96c611435dc98, type: 3}
  m_Name:
  m_EditorClassIdentifier:
  label:
  method: 0
  style: 0
  animationCurve:
    serializedVersion: 2
    m_Curve:
    - serializedVersion: 2
      time: 0
      value: 0
      inSlope: 0
      outSlope: 1
      tangentMode: 0
    - serializedVersion: 2
      time: 1
      value: 1
      inSlope: 1
      outSlope: 0
      tangentMode: 0
    m_PreInfinity: 2
    m_PostInfinity: 2
    m_RotationOrder: 0
  ignoreTimeScale: 1
  delay: 6.5
  duration: 0.2
  steeperCurves: 0
  tweenGroup: 0
  DisableInputWhileTweening: 0
  eventReceiver: {fileID: 0}
  callWhenFinished:
  from: 1
  to: 0
--- !u!1 &1590854633429981
GameObject:
  serializedVersion: 5
  m_Component:
  - component: {fileID: 224741394939443507}
  m_Layer: 9
  m_Name: Tweens
  m_TagString: Untagged
  m_Icon: {fileID: 0}
  m_NavMeshLayer: 0
  m_StaticEditorFlags: 0
  m_IsActive: 1
--- !u!224 &224741394939443507
RectTransform:
  m_GameObject: {fileID: 1590854633429981}
  m_LocalRotation: {x: 0, y: 0, z: 0, w: 1}
  m_LocalPosition: {x: 0, y: 0, z: 0}
  m_LocalScale: {x: 1, y: 1, z: 1}
  m_Children:
  - {fileID: 224498373313947713}
  - {fileID: 224121935846178832}
  - {fileID: 224842250850833381}
  m_Father: {fileID: 224078492049178334}
  m_RootOrder: 1
  m_LocalEulerAnglesHint: {x: 0, y: 0, z: 0}
  m_AnchorMin: {x: 0.5, y: 0.5}
  m_AnchorMax: {x: 0.5, y: 0.5}
  m_AnchoredPosition: {x: 0, y: 0}
  m_SizeDelta: {x: 100, y: 100}
  m_Pivot: {x: 0.5, y: 0.5}
--- !u!1 &1922616221858839
GameObject:
  serializedVersion: 5
  m_Component:
  - component: {fileID: 224498373313947713}
  - component: {fileID: 114622296623032791}
  m_Layer: 9
  m_Name: TweenMusic
  m_TagString: Untagged
  m_Icon: {fileID: 0}
  m_NavMeshLayer: 0
  m_StaticEditorFlags: 0
  m_IsActive: 1
--- !u!224 &224498373313947713
RectTransform:
  m_GameObject: {fileID: 1922616221858839}
  m_LocalRotation: {x: 0, y: 0, z: 0, w: 1}
  m_LocalPosition: {x: 0, y: -3.814697E-06, z: 0}
  m_LocalScale: {x: 1, y: 1, z: 1}
  m_Children: []
  m_Father: {fileID: 224741394939443507}
  m_RootOrder: 0
  m_LocalEulerAnglesHint: {x: 0, y: 0, z: 0}
  m_AnchorMin: {x: 0.5, y: 0.5}
  m_AnchorMax: {x: 0.5, y: 0.5}
  m_AnchoredPosition: {x: 0, y: -5.483627E-06}
  m_SizeDelta: {x: 100, y: 100}
  m_Pivot: {x: 0.5, y: 0.5}
--- !u!114 &114622296623032791
MonoBehaviour:
  m_GameObject: {fileID: 1922616221858839}
  m_Enabled: 1
  m_EditorHideFlags: 0
  m_Script: {fileID: 11500000, guid: 225b25f707642af4ca04feac401f7df6, type: 3}
  m_Name:
  m_EditorClassIdentifier:
  playDelaySecs: 0
  toggleMusicOnPlay: 0
  target: {fileID: 82804800237253946}
  autoPlay: 0
--- !u!1 &1451602661867789
GameObject:
  serializedVersion: 5
  m_Component:
  - component: {fileID: 224121935846178832}
  - component: {fileID: 114244928402785587}
  - component: {fileID: 114948974261547076}
  m_Layer: 9
  m_Name: TweenPanel01
  m_TagString: Untagged
  m_Icon: {fileID: 0}
  m_NavMeshLayer: 0
  m_StaticEditorFlags: 0
  m_IsActive: 1
--- !u!224 &224121935846178832
RectTransform:
  m_GameObject: {fileID: 1451602661867789}
  m_LocalRotation: {x: 0, y: 0, z: 0, w: 1}
  m_LocalPosition: {x: 0, y: 0, z: 0}
  m_LocalScale: {x: 1, y: 1, z: 1}
  m_Children: []
  m_Father: {fileID: 224741394939443507}
  m_RootOrder: 1
  m_LocalEulerAnglesHint: {x: 0, y: 0, z: 0}
  m_AnchorMin: {x: 0.5, y: 0.5}
  m_AnchorMax: {x: 0.5, y: 0.5}
  m_AnchoredPosition: {x: 0, y: 0}
  m_SizeDelta: {x: 100, y: 100}
  m_Pivot: {x: 0.5, y: 0.5}
--- !u!114 &114244928402785587
MonoBehaviour:
  m_GameObject: {fileID: 1451602661867789}
  m_Enabled: 1
  m_EditorHideFlags: 0
  m_Script: {fileID: 11500000, guid: 0e802a3787514fd45bc1e6e655c6906a, type: 3}
  m_Name:
  m_EditorClassIdentifier:
  label:
  tweenTarget: {fileID: 1543470875685161}
  tweenGroup: 0
  trigger: 0
  playDirection: 1
  resetOnPlay: 0
  ifDisabledOnPlay: 1
  disableWhenFinished: 0
  includeChildren: 0
  eventReceiver: {fileID: 0}
  callWhenFinished:
--- !u!114 &114948974261547076
MonoBehaviour:
  m_GameObject: {fileID: 1451602661867789}
  m_Enabled: 1
  m_EditorHideFlags: 0
  m_Script: {fileID: 11500000, guid: 952d3a17ec9181e45b3adeedec059117, type: 3}
  m_Name:
  m_EditorClassIdentifier:
  playDelaySecs: 0
  completionDelaySecs: 0
  skipPromptDelaySecs: 2.5
  reverse: 0
  waitForClick: 1
  target: {fileID: 0}
--- !u!1 &1252479670967183
GameObject:
  serializedVersion: 5
  m_Component:
  - component: {fileID: 224842250850833381}
  - component: {fileID: 82804800237253946}
  m_Layer: 9
  m_Name: Music
  m_TagString: Untagged
  m_Icon: {fileID: 0}
  m_NavMeshLayer: 0
  m_StaticEditorFlags: 0
  m_IsActive: 1
--- !u!224 &224842250850833381
RectTransform:
  m_GameObject: {fileID: 1252479670967183}
  m_LocalRotation: {x: 0, y: 0, z: 0, w: 1}
  m_LocalPosition: {x: 0, y: 0, z: 0}
  m_LocalScale: {x: 1, y: 1, z: 1}
  m_Children: []
  m_Father: {fileID: 224741394939443507}
  m_RootOrder: 2
  m_LocalEulerAnglesHint: {x: 0, y: 0, z: 0}
  m_AnchorMin: {x: 0.5, y: 0.5}
  m_AnchorMax: {x: 0.5, y: 0.5}
  m_AnchoredPosition: {x: 0, y: 2.384186E-07}
  m_SizeDelta: {x: 100, y: 100}
  m_Pivot: {x: 0.5, y: 0.5}
--- !u!82 &82804800237253946
AudioSource:
  m_GameObject: {fileID: 1252479670967183}
  m_Enabled: 1
  serializedVersion: 4
  OutputAudioMixerGroup: {fileID: 0}
  m_audioClip: {fileID: 8300000, guid: 191ca2b48c4d6724389619f061892999, type: 3}
  m_PlayOnAwake: 0
  m_Volume: 1
  m_Pitch: 1
  Loop: 1
  Mute: 0
  Spatialize: 0
  SpatializePostEffects: 0
  Priority: 128
  DopplerLevel: 1
  MinDistance: 1
  MaxDistance: 500
  Pan2D: 0
  rolloffMode: 0
  BypassEffects: 0
  BypassListenerEffects: 0
  BypassReverbZones: 0
  rolloffCustomCurve:
    serializedVersion: 2
    m_Curve:
    - serializedVersion: 2
      time: 0
      value: 1
      inSlope: 0
      outSlope: 0
      tangentMode: 0
    - serializedVersion: 2
      time: 1
      value: 0
      inSlope: 0
      outSlope: 0
      tangentMode: 0
    m_PreInfinity: 2
    m_PostInfinity: 2
    m_RotationOrder: 0
  panLevelCustomCurve:
    serializedVersion: 2
    m_Curve:
    - serializedVersion: 2
      time: 0
      value: 0
      inSlope: 0
      outSlope: 0
      tangentMode: 0
    m_PreInfinity: 2
    m_PostInfinity: 2
    m_RotationOrder: 0
  spreadCustomCurve:
    serializedVersion: 2
    m_Curve:
    - serializedVersion: 2
      time: 0
      value: 0
      inSlope: 0
      outSlope: 0
      tangentMode: 0
    m_PreInfinity: 2
    m_PostInfinity: 2
    m_RotationOrder: 0
  reverbZoneMixCustomCurve:
    serializedVersion: 2
    m_Curve:
    - serializedVersion: 2
      time: 0
      value: 0
      inSlope: 0
      outSlope: 0
      tangentMode: 0
    m_PreInfinity: 2
    m_PostInfinity: 2
    m_RotationOrder: 0
