%YAML 1.1
%TAG !u! tag:unity3d.com,2011:
--- !u!1001 &100100000
Prefab:
  serializedVersion: 2
  m_Modification:
    m_TransformParent: {fileID: 0}
    m_Modifications: []
    m_RemovedComponents: []
  m_ParentPrefab: {fileID: 0}
  m_RootGameObject: {fileID: 1772389955619602}
  m_IsPrefabParent: 1
--- !u!1 &1772389955619602
GameObject:
  serializedVersion: 5
  m_Component:
  - component: {fileID: 224156936691730923}
  - component: {fileID: 114100557989224941}
  m_Layer: 9
  m_Name: NisFc32
  m_TagString: Untagged
  m_Icon: {fileID: 0}
  m_NavMeshLayer: 0
  m_StaticEditorFlags: 0
  m_IsActive: 1
--- !u!224 &224156936691730923
RectTransform:
  m_GameObject: {fileID: 1772389955619602}
  m_LocalRotation: {x: 0, y: 0, z: 0, w: 1}
  m_LocalPosition: {x: 0, y: 5.960464E-06, z: 0}
  m_LocalScale: {x: 1.0003, y: 1.0003, z: 1.0003}
  m_Children:
  - {fileID: 224412874158238841}
  - {fileID: 224420588678897367}
  - {fileID: 224119783354723842}
  - {fileID: 224127364343506165}
  - {fileID: 224358722720093305}
  m_Father: {fileID: 0}
  m_RootOrder: 0
  m_LocalEulerAnglesHint: {x: 0, y: 0, z: 0}
  m_AnchorMin: {x: 0, y: 0}
  m_AnchorMax: {x: 1, y: 1}
  m_AnchoredPosition: {x: 0, y: 5.960464E-06}
  m_SizeDelta: {x: 0, y: 0}
  m_Pivot: {x: 0.5, y: 0.5}
--- !u!114 &114100557989224941
MonoBehaviour:
  m_GameObject: {fileID: 1772389955619602}
  m_Enabled: 1
  m_EditorHideFlags: 0
  m_Script: {fileID: 11500000, guid: 1a2281920c06d55408852a51f2dffbad, type: 3}
  m_Name:
  m_EditorClassIdentifier:
  segments:
  - {fileID: 114138001411703167}
  - {fileID: 114560282341055873}
  - {fileID: 114014620407242123}
  - {fileID: 114808776091124735}
  inputProxy: {fileID: 0}
  manageInputProxy: 0
  skipPromptDelaySecs: 0
--- !u!1 &1821908200571995
GameObject:
  serializedVersion: 5
  m_Component:
  - component: {fileID: 224412874158238841}
  m_Layer: 9
  m_Name: Panel01
  m_TagString: Untagged
  m_Icon: {fileID: 0}
  m_NavMeshLayer: 0
  m_StaticEditorFlags: 0
  m_IsActive: 0
--- !u!224 &224412874158238841
RectTransform:
  m_GameObject: {fileID: 1821908200571995}
  m_LocalRotation: {x: 0, y: 0, z: 0, w: 1}
  m_LocalPosition: {x: 0, y: 2.384186E-07, z: 0}
  m_LocalScale: {x: 1, y: 1, z: 1}
  m_Children:
  - {fileID: 224204363262033994}
  m_Father: {fileID: 224156936691730923}
  m_RootOrder: 0
  m_LocalEulerAnglesHint: {x: 0, y: 0, z: 0}
  m_AnchorMin: {x: 0, y: 0}
  m_AnchorMax: {x: 1, y: 1}
  m_AnchoredPosition: {x: 0, y: 2.384186E-07}
  m_SizeDelta: {x: 0, y: 0}
  m_Pivot: {x: 0.5, y: 0.5}
--- !u!1 &1444226123888325
GameObject:
  serializedVersion: 5
  m_Component:
  - component: {fileID: 224204363262033994}
  - component: {fileID: 222407471853743950}
  - component: {fileID: 114277726938844434}
  m_Layer: 9
  m_Name: UI
  m_TagString: Untagged
  m_Icon: {fileID: 0}
  m_NavMeshLayer: 0
  m_StaticEditorFlags: 0
  m_IsActive: 1
--- !u!224 &224204363262033994
RectTransform:
  m_GameObject: {fileID: 1444226123888325}
  m_LocalRotation: {x: 0, y: 0, z: 0, w: 1}
  m_LocalPosition: {x: 0, y: 0, z: 0}
  m_LocalScale: {x: 0.9999999, y: 0.9999999, z: 0.9999999}
  m_Children:
  - {fileID: 224433050769138368}
  - {fileID: 224705182623395812}
  - {fileID: 224859079739617448}
  - {fileID: 224563979446830439}
  - {fileID: 224238825747794959}
  - {fileID: 224550796007708587}
  - {fileID: 224266947862712115}
  - {fileID: 224284483376786531}
  - {fileID: 224262046390861598}
  - {fileID: 224250663134290528}
  m_Father: {fileID: 224412874158238841}
  m_RootOrder: 0
  m_LocalEulerAnglesHint: {x: 0, y: 0, z: 0}
  m_AnchorMin: {x: 0, y: 0}
  m_AnchorMax: {x: 1, y: 1}
  m_AnchoredPosition: {x: 0, y: 0}
  m_SizeDelta: {x: 0, y: 0}
  m_Pivot: {x: 0.5, y: 0.5}
--- !u!222 &222407471853743950
CanvasRenderer:
  m_GameObject: {fileID: 1444226123888325}
--- !u!114 &114277726938844434
MonoBehaviour:
  m_GameObject: {fileID: 1444226123888325}
  m_Enabled: 1
  m_EditorHideFlags: 0
  m_Script: {fileID: -765806418, guid: f70555f144d8491a825f0804e09c671c, type: 3}
  m_Name:
  m_EditorClassIdentifier:
  m_Material: {fileID: 0}
  m_Color: {r: 1, g: 1, b: 1, a: 1}
  m_RaycastTarget: 1
  m_OnCullStateChanged:
    m_PersistentCalls:
      m_Calls: []
    m_TypeName: UnityEngine.UI.MaskableGraphic+CullStateChangedEvent, UnityEngine.UI, Version=1.0.0.0, Culture=neutral, PublicKeyToken=null
  m_Sprite: {fileID: 0}
  m_Type: 1
  m_PreserveAspect: 0
  m_FillCenter: 1
  m_FillMethod: 4
  m_FillAmount: 1
  m_FillClockwise: 1
  m_FillOrigin: 0
--- !u!1 &1984699146890934
GameObject:
  serializedVersion: 5
  m_Component:
  - component: {fileID: 224433050769138368}
  - component: {fileID: 222585946633101761}
  - component: {fileID: 114779106215779703}
  m_Layer: 9
  m_Name: BottomStrip
  m_TagString: Untagged
  m_Icon: {fileID: 0}
  m_NavMeshLayer: 0
  m_StaticEditorFlags: 0
  m_IsActive: 1
--- !u!224 &224433050769138368
RectTransform:
  m_GameObject: {fileID: 1984699146890934}
  m_LocalRotation: {x: 0, y: 0, z: 0, w: 1}
  m_LocalPosition: {x: 0, y: -178, z: 0}
  m_LocalScale: {x: 0.9999999, y: 0.9999999, z: 0.9999999}
  m_Children: []
  m_Father: {fileID: 224204363262033994}
  m_RootOrder: 0
  m_LocalEulerAnglesHint: {x: 0, y: 0, z: 0}
  m_AnchorMin: {x: 0, y: 0}
  m_AnchorMax: {x: 1, y: 1}
  m_AnchoredPosition: {x: 0, y: -178}
  m_SizeDelta: {x: 0, y: -356}
  m_Pivot: {x: 0.5, y: 0.5}
--- !u!222 &222585946633101761
CanvasRenderer:
  m_GameObject: {fileID: 1984699146890934}
--- !u!114 &114779106215779703
MonoBehaviour:
  m_GameObject: {fileID: 1984699146890934}
  m_Enabled: 1
  m_EditorHideFlags: 0
  m_Script: {fileID: -765806418, guid: f70555f144d8491a825f0804e09c671c, type: 3}
  m_Name:
  m_EditorClassIdentifier:
  m_Material: {fileID: 0}
  m_Color: {r: 0.4117647, g: 0.5647059, b: 0.854902, a: 1}
  m_RaycastTarget: 1
  m_OnCullStateChanged:
    m_PersistentCalls:
      m_Calls: []
    m_TypeName: UnityEngine.UI.MaskableGraphic+CullStateChangedEvent, UnityEngine.UI, Version=1.0.0.0, Culture=neutral, PublicKeyToken=null
  m_Sprite: {fileID: 21300000, guid: ba0f319cf17a5c94582830683c6d2078, type: 3}
  m_Type: 1
  m_PreserveAspect: 0
  m_FillCenter: 1
  m_FillMethod: 4
  m_FillAmount: 1
  m_FillClockwise: 1
  m_FillOrigin: 0
--- !u!1 &1011821221961436
GameObject:
  serializedVersion: 5
  m_Component:
  - component: {fileID: 224705182623395812}
  - component: {fileID: 222465421407794203}
  - component: {fileID: 114467555078220700}
  - component: {fileID: 114995941560400822}
  m_Layer: 9
  m_Name: MiddleStrip
  m_TagString: Untagged
  m_Icon: {fileID: 0}
  m_NavMeshLayer: 0
  m_StaticEditorFlags: 0
  m_IsActive: 1
--- !u!224 &224705182623395812
RectTransform:
  m_GameObject: {fileID: 1011821221961436}
  m_LocalRotation: {x: 0, y: 0, z: 0, w: 1}
  m_LocalPosition: {x: 0, y: 0, z: 0}
  m_LocalScale: {x: 1, y: 1, z: 1}
  m_Children: []
  m_Father: {fileID: 224204363262033994}
  m_RootOrder: 1
  m_LocalEulerAnglesHint: {x: 0, y: 0, z: 0}
  m_AnchorMin: {x: 0, y: 0}
  m_AnchorMax: {x: 1, y: 1}
  m_AnchoredPosition: {x: 0, y: -3.814697E-06}
  m_SizeDelta: {x: 0, y: -642}
  m_Pivot: {x: 0.5, y: 0.5}
--- !u!222 &222465421407794203
CanvasRenderer:
  m_GameObject: {fileID: 1011821221961436}
--- !u!114 &114467555078220700
MonoBehaviour:
  m_GameObject: {fileID: 1011821221961436}
  m_Enabled: 1
  m_EditorHideFlags: 0
  m_Script: {fileID: -765806418, guid: f70555f144d8491a825f0804e09c671c, type: 3}
  m_Name:
  m_EditorClassIdentifier:
  m_Material: {fileID: 0}
  m_Color: {r: 0.6705883, g: 0.9137255, b: 1, a: 1}
  m_RaycastTarget: 1
  m_OnCullStateChanged:
    m_PersistentCalls:
      m_Calls: []
    m_TypeName: UnityEngine.UI.MaskableGraphic+CullStateChangedEvent, UnityEngine.UI, Version=1.0.0.0, Culture=neutral, PublicKeyToken=null
  m_Sprite: {fileID: 0}
  m_Type: 1
  m_PreserveAspect: 0
  m_FillCenter: 1
  m_FillMethod: 4
  m_FillAmount: 1
  m_FillClockwise: 1
  m_FillOrigin: 0
--- !u!114 &114995941560400822
MonoBehaviour:
  m_GameObject: {fileID: 1011821221961436}
  m_Enabled: 1
  m_EditorHideFlags: 0
  m_Script: {fileID: 1573420865, guid: f70555f144d8491a825f0804e09c671c, type: 3}
  m_Name:
  m_EditorClassIdentifier:
  m_EffectColor: {r: 0, g: 0, b: 0, a: 0.1529412}
  m_EffectDistance: {x: 0, y: -10}
  m_UseGraphicAlpha: 1
--- !u!1 &1633088344483729
GameObject:
  serializedVersion: 5
  m_Component:
  - component: {fileID: 224859079739617448}
  m_Layer: 9
  m_Name: Panel
  m_TagString: Untagged
  m_Icon: {fileID: 0}
  m_NavMeshLayer: 0
  m_StaticEditorFlags: 0
  m_IsActive: 1
--- !u!224 &224859079739617448
RectTransform:
  m_GameObject: {fileID: 1633088344483729}
  m_LocalRotation: {x: 0, y: 0, z: 0, w: 1}
  m_LocalPosition: {x: -392, y: 164, z: 0}
  m_LocalScale: {x: 1, y: 1, z: 1}
  m_Children:
  - {fileID: 224052530219940235}
  m_Father: {fileID: 224204363262033994}
  m_RootOrder: 2
  m_LocalEulerAnglesHint: {x: 0, y: 0, z: 0}
  m_AnchorMin: {x: 0.5, y: 0.5}
  m_AnchorMax: {x: 0.5, y: 0.5}
  m_AnchoredPosition: {x: -392, y: 164}
  m_SizeDelta: {x: 0, y: 0}
  m_Pivot: {x: 0.5, y: 0.5}
--- !u!1 &1559113337762807
GameObject:
  serializedVersion: 5
  m_Component:
  - component: {fileID: 224052530219940235}
  - component: {fileID: 222161396152910692}
  - component: {fileID: 114538978702006049}
  - component: {fileID: 114376445406203180}
  m_Layer: 9
  m_Name: InsideMask
  m_TagString: Untagged
  m_Icon: {fileID: 0}
  m_NavMeshLayer: 0
  m_StaticEditorFlags: 0
  m_IsActive: 1
--- !u!224 &224052530219940235
RectTransform:
  m_GameObject: {fileID: 1559113337762807}
  m_LocalRotation: {x: 0, y: 0, z: 0, w: 1}
  m_LocalPosition: {x: 387, y: 25, z: 0}
  m_LocalScale: {x: 1, y: 1, z: 1}
  m_Children:
  - {fileID: 224598551010464892}
  - {fileID: 224842588708223840}
  - {fileID: 224862331117844977}
  m_Father: {fileID: 224859079739617448}
  m_RootOrder: 0
  m_LocalEulerAnglesHint: {x: 0, y: 0, z: 0}
  m_AnchorMin: {x: 0.5, y: 0.5}
  m_AnchorMax: {x: 0.5, y: 0.5}
  m_AnchoredPosition: {x: 387, y: 25}
  m_SizeDelta: {x: 594, y: 346}
  m_Pivot: {x: 0.5, y: 0.5}
--- !u!222 &222161396152910692
CanvasRenderer:
  m_GameObject: {fileID: 1559113337762807}
--- !u!114 &114538978702006049
MonoBehaviour:
  m_GameObject: {fileID: 1559113337762807}
  m_Enabled: 1
  m_EditorHideFlags: 0
  m_Script: {fileID: -765806418, guid: f70555f144d8491a825f0804e09c671c, type: 3}
  m_Name:
  m_EditorClassIdentifier:
  m_Material: {fileID: 0}
  m_Color: {r: 1, g: 0, b: 0, a: 1}
  m_RaycastTarget: 1
  m_OnCullStateChanged:
    m_PersistentCalls:
      m_Calls: []
    m_TypeName: UnityEngine.UI.MaskableGraphic+CullStateChangedEvent, UnityEngine.UI, Version=1.0.0.0, Culture=neutral, PublicKeyToken=null
  m_Sprite: {fileID: 0}
  m_Type: 1
  m_PreserveAspect: 0
  m_FillCenter: 1
  m_FillMethod: 4
  m_FillAmount: 1
  m_FillClockwise: 1
  m_FillOrigin: 0
--- !u!114 &114376445406203180
MonoBehaviour:
  m_GameObject: {fileID: 1559113337762807}
  m_Enabled: 1
  m_EditorHideFlags: 0
  m_Script: {fileID: -1200242548, guid: f70555f144d8491a825f0804e09c671c, type: 3}
  m_Name:
  m_EditorClassIdentifier:
  m_ShowMaskGraphic: 0
--- !u!1 &1254242060633219
GameObject:
  serializedVersion: 5
  m_Component:
  - component: {fileID: 224598551010464892}
  - component: {fileID: 222898225845516138}
  - component: {fileID: 114353118437313020}
  m_Layer: 9
  m_Name: Background
  m_TagString: Untagged
  m_Icon: {fileID: 0}
  m_NavMeshLayer: 0
  m_StaticEditorFlags: 0
  m_IsActive: 1
--- !u!224 &224598551010464892
RectTransform:
  m_GameObject: {fileID: 1254242060633219}
  m_LocalRotation: {x: 0, y: 0, z: 0, w: 1}
  m_LocalPosition: {x: 86, y: 26, z: 0}
  m_LocalScale: {x: -1, y: 1, z: 1}
  m_Children: []
  m_Father: {fileID: 224052530219940235}
  m_RootOrder: 0
  m_LocalEulerAnglesHint: {x: 0, y: 0, z: 0}
  m_AnchorMin: {x: 0.5, y: 0.5}
  m_AnchorMax: {x: 0.5, y: 0.5}
  m_AnchoredPosition: {x: 86, y: 26}
  m_SizeDelta: {x: 925, y: 520}
  m_Pivot: {x: 0.5, y: 0.5}
--- !u!222 &222898225845516138
CanvasRenderer:
  m_GameObject: {fileID: 1254242060633219}
--- !u!114 &114353118437313020
MonoBehaviour:
  m_GameObject: {fileID: 1254242060633219}
  m_Enabled: 1
  m_EditorHideFlags: 0
  m_Script: {fileID: -765806418, guid: f70555f144d8491a825f0804e09c671c, type: 3}
  m_Name:
  m_EditorClassIdentifier:
  m_Material: {fileID: 0}
  m_Color: {r: 1, g: 1, b: 1, a: 1}
  m_RaycastTarget: 1
  m_OnCullStateChanged:
    m_PersistentCalls:
      m_Calls: []
    m_TypeName: UnityEngine.UI.MaskableGraphic+CullStateChangedEvent, UnityEngine.UI, Version=1.0.0.0, Culture=neutral, PublicKeyToken=null
  m_Sprite: {fileID: 21300008, guid: e8039becb70d69d478ef1510a2dc1570, type: 3}
  m_Type: 0
  m_PreserveAspect: 1
  m_FillCenter: 1
  m_FillMethod: 4
  m_FillAmount: 1
  m_FillClockwise: 1
  m_FillOrigin: 0
--- !u!1 &1738783829611165
GameObject:
  serializedVersion: 5
  m_Component:
  - component: {fileID: 224842588708223840}
  - component: {fileID: 222374653747731369}
  - component: {fileID: 114072861498354658}
  m_Layer: 9
  m_Name: Ice Skeleton
  m_TagString: Untagged
  m_Icon: {fileID: 0}
  m_NavMeshLayer: 0
  m_StaticEditorFlags: 0
  m_IsActive: 1
--- !u!224 &224842588708223840
RectTransform:
  m_GameObject: {fileID: 1738783829611165}
  m_LocalRotation: {x: 0, y: 0, z: 0, w: 1}
  m_LocalPosition: {x: -196, y: 13, z: 0}
  m_LocalScale: {x: -1, y: 1, z: 1}
  m_Children: []
  m_Father: {fileID: 224052530219940235}
  m_RootOrder: 1
  m_LocalEulerAnglesHint: {x: 0, y: 0, z: 0}
  m_AnchorMin: {x: 0.5, y: 0.5}
  m_AnchorMax: {x: 0.5, y: 0.5}
  m_AnchoredPosition: {x: -196, y: 13}
  m_SizeDelta: {x: 90, y: 300}
  m_Pivot: {x: 0.5, y: 0.5}
--- !u!222 &222374653747731369
CanvasRenderer:
  m_GameObject: {fileID: 1738783829611165}
--- !u!114 &114072861498354658
MonoBehaviour:
  m_GameObject: {fileID: 1738783829611165}
  m_Enabled: 1
  m_EditorHideFlags: 0
  m_Script: {fileID: -765806418, guid: f70555f144d8491a825f0804e09c671c, type: 3}
  m_Name:
  m_EditorClassIdentifier:
  m_Material: {fileID: 0}
  m_Color: {r: 1, g: 1, b: 1, a: 1}
  m_RaycastTarget: 1
  m_OnCullStateChanged:
    m_PersistentCalls:
      m_Calls: []
    m_TypeName: UnityEngine.UI.MaskableGraphic+CullStateChangedEvent, UnityEngine.UI, Version=1.0.0.0, Culture=neutral, PublicKeyToken=null
  m_Sprite: {fileID: 21300002, guid: e8039becb70d69d478ef1510a2dc1570, type: 3}
  m_Type: 0
  m_PreserveAspect: 1
  m_FillCenter: 1
  m_FillMethod: 4
  m_FillAmount: 1
  m_FillClockwise: 1
  m_FillOrigin: 0
--- !u!1 &1979747213576792
GameObject:
  serializedVersion: 5
  m_Component:
  - component: {fileID: 224862331117844977}
  - component: {fileID: 222546371462930776}
  - component: {fileID: 114957526782224409}
  - component: {fileID: 114775582436778635}
  m_Layer: 9
  m_Name: Fionna
  m_TagString: Untagged
  m_Icon: {fileID: 0}
  m_NavMeshLayer: 0
  m_StaticEditorFlags: 0
  m_IsActive: 1
--- !u!224 &224862331117844977
RectTransform:
  m_GameObject: {fileID: 1979747213576792}
  m_LocalRotation: {x: 0, y: 0, z: 0, w: 1}
  m_LocalPosition: {x: 148, y: 26, z: 0}
  m_LocalScale: {x: 1, y: 1, z: 1}
  m_Children: []
  m_Father: {fileID: 224052530219940235}
  m_RootOrder: 2
  m_LocalEulerAnglesHint: {x: 0, y: 0, z: 0}
  m_AnchorMin: {x: 0.5, y: 0.5}
  m_AnchorMax: {x: 0.5, y: 0.5}
  m_AnchoredPosition: {x: 148, y: 26}
  m_SizeDelta: {x: 315, y: 405}
  m_Pivot: {x: 0.5, y: 0.5}
--- !u!222 &222546371462930776
CanvasRenderer:
  m_GameObject: {fileID: 1979747213576792}
--- !u!114 &114957526782224409
MonoBehaviour:
  m_GameObject: {fileID: 1979747213576792}
  m_Enabled: 1
  m_EditorHideFlags: 0
  m_Script: {fileID: -765806418, guid: f70555f144d8491a825f0804e09c671c, type: 3}
  m_Name:
  m_EditorClassIdentifier:
  m_Material: {fileID: 0}
  m_Color: {r: 1, g: 1, b: 1, a: 1}
  m_RaycastTarget: 1
  m_OnCullStateChanged:
    m_PersistentCalls:
      m_Calls: []
    m_TypeName: UnityEngine.UI.MaskableGraphic+CullStateChangedEvent, UnityEngine.UI, Version=1.0.0.0, Culture=neutral, PublicKeyToken=null
  m_Sprite: {fileID: 21300022, guid: e8039becb70d69d478ef1510a2dc1570, type: 3}
  m_Type: 0
  m_PreserveAspect: 1
  m_FillCenter: 1
  m_FillMethod: 4
  m_FillAmount: 1
  m_FillClockwise: 1
  m_FillOrigin: 0
--- !u!114 &114775582436778635
MonoBehaviour:
  m_GameObject: {fileID: 1979747213576792}
  m_Enabled: 1
  m_EditorHideFlags: 0
  m_Script: {fileID: 11500000, guid: f7304cca2e9d2704fab0ce1815d3c5e4, type: 3}
  m_Name:
  m_EditorClassIdentifier:
  label:
  method: 2
  style: 0
  animationCurve:
    serializedVersion: 2
    m_Curve:
    - serializedVersion: 2
      time: 0
      value: 0
      inSlope: 0
      outSlope: 1
      tangentMode: 0
    - serializedVersion: 2
      time: 1
      value: 1
      inSlope: 1
      outSlope: 0
      tangentMode: 0
    m_PreInfinity: 2
    m_PostInfinity: 2
    m_RotationOrder: 0
  ignoreTimeScale: 1
  delay: 0
  duration: 3
  steeperCurves: 0
  tweenGroup: 0
  DisableInputWhileTweening: 0
  eventReceiver: {fileID: 0}
  callWhenFinished:
  from: {x: 225, y: 26, z: 0}
  to: {x: 148, y: 26, z: 0}
--- !u!1 &1254226651419390
GameObject:
  serializedVersion: 5
  m_Component:
  - component: {fileID: 224563979446830439}
  - component: {fileID: 222390238253493008}
  - component: {fileID: 114925304481867098}
  m_Layer: 9
  m_Name: Border
  m_TagString: Untagged
  m_Icon: {fileID: 0}
  m_NavMeshLayer: 0
  m_StaticEditorFlags: 0
  m_IsActive: 1
--- !u!224 &224563979446830439
RectTransform:
  m_GameObject: {fileID: 1254226651419390}
  m_LocalRotation: {x: 0, y: 0, z: 0, w: 1}
  m_LocalPosition: {x: -5, y: 189, z: 0}
  m_LocalScale: {x: 1, y: 1, z: 1}
  m_Children: []
  m_Father: {fileID: 224204363262033994}
  m_RootOrder: 3
  m_LocalEulerAnglesHint: {x: 0, y: 0, z: 0}
  m_AnchorMin: {x: 0.5, y: 0.5}
  m_AnchorMax: {x: 0.5, y: 0.5}
  m_AnchoredPosition: {x: -5, y: 189}
  m_SizeDelta: {x: 598, y: 351}
  m_Pivot: {x: 0.5, y: 0.5}
--- !u!222 &222390238253493008
CanvasRenderer:
  m_GameObject: {fileID: 1254226651419390}
--- !u!114 &114925304481867098
MonoBehaviour:
  m_GameObject: {fileID: 1254226651419390}
  m_Enabled: 1
  m_EditorHideFlags: 0
  m_Script: {fileID: -765806418, guid: f70555f144d8491a825f0804e09c671c, type: 3}
  m_Name:
  m_EditorClassIdentifier:
  m_Material: {fileID: 0}
  m_Color: {r: 1, g: 1, b: 1, a: 1}
  m_RaycastTarget: 1
  m_OnCullStateChanged:
    m_PersistentCalls:
      m_Calls: []
    m_TypeName: UnityEngine.UI.MaskableGraphic+CullStateChangedEvent, UnityEngine.UI, Version=1.0.0.0, Culture=neutral, PublicKeyToken=null
  m_Sprite: {fileID: 21300004, guid: e8039becb70d69d478ef1510a2dc1570, type: 3}
  m_Type: 1
  m_PreserveAspect: 0
  m_FillCenter: 1
  m_FillMethod: 4
  m_FillAmount: 1
  m_FillClockwise: 1
  m_FillOrigin: 0
--- !u!1 &1451277935286234
GameObject:
  serializedVersion: 5
  m_Component:
  - component: {fileID: 224238825747794959}
  - component: {fileID: 222045814230487127}
  - component: {fileID: 114964903129267185}
  - component: {fileID: 114268496945528162}
  m_Layer: 9
  m_Name: Border 1
  m_TagString: Untagged
  m_Icon: {fileID: 0}
  m_NavMeshLayer: 0
  m_StaticEditorFlags: 0
  m_IsActive: 1
--- !u!224 &224238825747794959
RectTransform:
  m_GameObject: {fileID: 1451277935286234}
  m_LocalRotation: {x: 0, y: 0, z: 0, w: 1}
  m_LocalPosition: {x: -198, y: -67, z: 0}
  m_LocalScale: {x: 0.9999, y: 0.9999, z: 0.9999}
  m_Children: []
  m_Father: {fileID: 224204363262033994}
  m_RootOrder: 4
  m_LocalEulerAnglesHint: {x: 0, y: 0, z: 0}
  m_AnchorMin: {x: 0.5, y: 0.5}
  m_AnchorMax: {x: 0.5, y: 0.5}
  m_AnchoredPosition: {x: -198, y: -67}
  m_SizeDelta: {x: 430, y: 150}
  m_Pivot: {x: 0.5, y: 0.5}
--- !u!222 &222045814230487127
CanvasRenderer:
  m_GameObject: {fileID: 1451277935286234}
--- !u!114 &114964903129267185
MonoBehaviour:
  m_GameObject: {fileID: 1451277935286234}
  m_Enabled: 1
  m_EditorHideFlags: 0
  m_Script: {fileID: -765806418, guid: f70555f144d8491a825f0804e09c671c, type: 3}
  m_Name:
  m_EditorClassIdentifier:
  m_Material: {fileID: 0}
  m_Color: {r: 1, g: 1, b: 1, a: 0}
  m_RaycastTarget: 1
  m_OnCullStateChanged:
    m_PersistentCalls:
      m_Calls: []
    m_TypeName: UnityEngine.UI.MaskableGraphic+CullStateChangedEvent, UnityEngine.UI, Version=1.0.0.0, Culture=neutral, PublicKeyToken=null
  m_Sprite: {fileID: 21300006, guid: e8039becb70d69d478ef1510a2dc1570, type: 3}
  m_Type: 1
  m_PreserveAspect: 0
  m_FillCenter: 1
  m_FillMethod: 4
  m_FillAmount: 1
  m_FillClockwise: 1
  m_FillOrigin: 0
--- !u!114 &114268496945528162
MonoBehaviour:
  m_GameObject: {fileID: 1451277935286234}
  m_Enabled: 1
  m_EditorHideFlags: 0
  m_Script: {fileID: 11500000, guid: a7462a6f86a1293479f96c611435dc98, type: 3}
  m_Name:
  m_EditorClassIdentifier:
  label:
  method: 0
  style: 0
  animationCurve:
    serializedVersion: 2
    m_Curve:
    - serializedVersion: 2
      time: 0
      value: 0
      inSlope: 0
      outSlope: 1
      tangentMode: 0
    - serializedVersion: 2
      time: 1
      value: 1
      inSlope: 1
      outSlope: 0
      tangentMode: 0
    m_PreInfinity: 2
    m_PostInfinity: 2
    m_RotationOrder: 0
  ignoreTimeScale: 1
  delay: 1
  duration: 0.2
  steeperCurves: 0
  tweenGroup: 0
  DisableInputWhileTweening: 0
  eventReceiver: {fileID: 0}
  callWhenFinished:
  from: 0
  to: 1
--- !u!1 &1558327131088766
GameObject:
  serializedVersion: 5
  m_Component:
  - component: {fileID: 224550796007708587}
  - component: {fileID: 222765856645718777}
  - component: {fileID: 114177212944203826}
  - component: {fileID: 114432242367420574}
  - component: {fileID: 114944361532778678}
  m_Layer: 0
  m_Name: Ice SkeletonName
  m_TagString: Untagged
  m_Icon: {fileID: 0}
  m_NavMeshLayer: 0
  m_StaticEditorFlags: 0
  m_IsActive: 1
--- !u!224 &224550796007708587
RectTransform:
  m_GameObject: {fileID: 1558327131088766}
  m_LocalRotation: {x: 0, y: 0, z: 0, w: 1}
  m_LocalPosition: {x: -200, y: -27, z: 0}
  m_LocalScale: {x: 1.0001, y: 1.0001, z: 1.0001}
  m_Children: []
  m_Father: {fileID: 224204363262033994}
  m_RootOrder: 5
  m_LocalEulerAnglesHint: {x: 0, y: 0, z: 0}
  m_AnchorMin: {x: 0.5, y: 0.5}
  m_AnchorMax: {x: 0.5, y: 0.5}
  m_AnchoredPosition: {x: -200, y: -27}
  m_SizeDelta: {x: 376, y: 39}
  m_Pivot: {x: 0.5, y: 0.5}
--- !u!222 &222765856645718777
CanvasRenderer:
  m_GameObject: {fileID: 1558327131088766}
--- !u!114 &114177212944203826
MonoBehaviour:
  m_GameObject: {fileID: 1558327131088766}
  m_Enabled: 1
  m_EditorHideFlags: 0
  m_Script: {fileID: 708705254, guid: f70555f144d8491a825f0804e09c671c, type: 3}
  m_Name:
  m_EditorClassIdentifier:
  m_Material: {fileID: 0}
  m_Color: {r: 0.5882353, g: 0.5882353, b: 0.5882353, a: 0}
  m_RaycastTarget: 1
  m_OnCullStateChanged:
    m_PersistentCalls:
      m_Calls: []
    m_TypeName: UnityEngine.UI.MaskableGraphic+CullStateChangedEvent, UnityEngine.UI, Version=1.0.0.0, Culture=neutral, PublicKeyToken=null
  m_FontData:
    m_Font: {fileID: 12800000, guid: 5cddca35a8ee91743ba295b419db2196, type: 3}
    m_FontSize: 29
    m_FontStyle: 0
    m_BestFit: 1
    m_MinSize: 20
    m_MaxSize: 29
    m_Alignment: 0
    m_RichText: 1
    m_HorizontalOverflow: 0
    m_VerticalOverflow: 0
    m_LineSpacing: 1
  m_Text: '!!FC_NIS_CHAR_DIALOG_19'
--- !u!114 &114432242367420574
MonoBehaviour:
  m_GameObject: {fileID: 1558327131088766}
  m_Enabled: 1
  m_EditorHideFlags: 0
  m_Script: {fileID: 11500000, guid: 3dbabdb6cbf9d5244bcbe1436cfbf160, type: 3}
  m_Name:
  m_EditorClassIdentifier:
--- !u!114 &114944361532778678
MonoBehaviour:
  m_GameObject: {fileID: 1558327131088766}
  m_Enabled: 1
  m_EditorHideFlags: 0
  m_Script: {fileID: 11500000, guid: a7462a6f86a1293479f96c611435dc98, type: 3}
  m_Name:
  m_EditorClassIdentifier:
  label:
  method: 0
  style: 0
  animationCurve:
    serializedVersion: 2
    m_Curve:
    - serializedVersion: 2
      time: 0
      value: 0
      inSlope: 0
      outSlope: 1
      tangentMode: 0
    - serializedVersion: 2
      time: 1
      value: 1
      inSlope: 1
      outSlope: 0
      tangentMode: 0
    m_PreInfinity: 2
    m_PostInfinity: 2
    m_RotationOrder: 0
  ignoreTimeScale: 1
  delay: 1.1
  duration: 0.2
  steeperCurves: 0
  tweenGroup: 0
  DisableInputWhileTweening: 0
  eventReceiver: {fileID: 0}
  callWhenFinished:
  from: 0
  to: 1
--- !u!1 &1735679155332388
GameObject:
  serializedVersion: 5
  m_Component:
  - component: {fileID: 224266947862712115}
  - component: {fileID: 222148194271166346}
  - component: {fileID: 114337917101362030}
  - component: {fileID: 114417811910781951}
  - component: {fileID: 114533350270959264}
  m_Layer: 0
  m_Name: Ice SkeletonText
  m_TagString: Untagged
  m_Icon: {fileID: 0}
  m_NavMeshLayer: 0
  m_StaticEditorFlags: 0
  m_IsActive: 1
--- !u!224 &224266947862712115
RectTransform:
  m_GameObject: {fileID: 1735679155332388}
  m_LocalRotation: {x: 0, y: 0, z: 0, w: 1}
  m_LocalPosition: {x: -200, y: -89, z: 0}
  m_LocalScale: {x: 1, y: 1, z: 1}
  m_Children: []
  m_Father: {fileID: 224204363262033994}
  m_RootOrder: 6
  m_LocalEulerAnglesHint: {x: 0, y: 0, z: 0}
  m_AnchorMin: {x: 0.5, y: 0.5}
  m_AnchorMax: {x: 0.5, y: 0.5}
  m_AnchoredPosition: {x: -200, y: -89}
  m_SizeDelta: {x: 376, y: 83}
  m_Pivot: {x: 0.5, y: 0.5}
--- !u!222 &222148194271166346
CanvasRenderer:
  m_GameObject: {fileID: 1735679155332388}
--- !u!114 &114337917101362030
MonoBehaviour:
  m_GameObject: {fileID: 1735679155332388}
  m_Enabled: 1
  m_EditorHideFlags: 0
  m_Script: {fileID: 708705254, guid: f70555f144d8491a825f0804e09c671c, type: 3}
  m_Name:
  m_EditorClassIdentifier:
  m_Material: {fileID: 0}
  m_Color: {r: 0.2431373, g: 0.2431373, b: 0.2470588, a: 0}
  m_RaycastTarget: 1
  m_OnCullStateChanged:
    m_PersistentCalls:
      m_Calls: []
    m_TypeName: UnityEngine.UI.MaskableGraphic+CullStateChangedEvent, UnityEngine.UI, Version=1.0.0.0, Culture=neutral, PublicKeyToken=null
  m_FontData:
    m_Font: {fileID: 12800000, guid: 5cddca35a8ee91743ba295b419db2196, type: 3}
    m_FontSize: 30
    m_FontStyle: 0
    m_BestFit: 1
    m_MinSize: 20
    m_MaxSize: 30
    m_Alignment: 0
    m_RichText: 1
    m_HorizontalOverflow: 0
    m_VerticalOverflow: 0
    m_LineSpacing: 1
  m_Text: '!!FC_NIS_32_DIALOG_1A'
--- !u!114 &114417811910781951
MonoBehaviour:
  m_GameObject: {fileID: 1735679155332388}
  m_Enabled: 1
  m_EditorHideFlags: 0
  m_Script: {fileID: 11500000, guid: 3dbabdb6cbf9d5244bcbe1436cfbf160, type: 3}
  m_Name:
  m_EditorClassIdentifier:
--- !u!114 &114533350270959264
MonoBehaviour:
  m_GameObject: {fileID: 1735679155332388}
  m_Enabled: 1
  m_EditorHideFlags: 0
  m_Script: {fileID: 11500000, guid: a7462a6f86a1293479f96c611435dc98, type: 3}
  m_Name:
  m_EditorClassIdentifier:
  label:
  method: 0
  style: 0
  animationCurve:
    serializedVersion: 2
    m_Curve:
    - serializedVersion: 2
      time: 0
      value: 0
      inSlope: 0
      outSlope: 1
      tangentMode: 0
    - serializedVersion: 2
      time: 1
      value: 1
      inSlope: 1
      outSlope: 0
      tangentMode: 0
    m_PreInfinity: 2
    m_PostInfinity: 2
    m_RotationOrder: 0
  ignoreTimeScale: 1
  delay: 1.1
  duration: 0.2
  steeperCurves: 0
  tweenGroup: 0
  DisableInputWhileTweening: 0
  eventReceiver: {fileID: 0}
  callWhenFinished:
  from: 0
  to: 1
--- !u!1 &1417428308451046
GameObject:
  serializedVersion: 5
  m_Component:
  - component: {fileID: 224284483376786531}
  - component: {fileID: 222565993491998722}
  - component: {fileID: 114563186731704401}
  - component: {fileID: 114374131650279368}
  m_Layer: 9
  m_Name: Border 2
  m_TagString: Untagged
  m_Icon: {fileID: 0}
  m_NavMeshLayer: 0
  m_StaticEditorFlags: 0
  m_IsActive: 1
--- !u!224 &224284483376786531
RectTransform:
  m_GameObject: {fileID: 1417428308451046}
  m_LocalRotation: {x: 0, y: 0, z: 0, w: 1}
  m_LocalPosition: {x: 67, y: -196, z: 0}
  m_LocalScale: {x: 0.9999, y: 0.9999, z: 0.9999}
  m_Children: []
  m_Father: {fileID: 224204363262033994}
  m_RootOrder: 7
  m_LocalEulerAnglesHint: {x: 0, y: 0, z: 0}
  m_AnchorMin: {x: 0.5, y: 0.5}
  m_AnchorMax: {x: 0.5, y: 0.5}
  m_AnchoredPosition: {x: 67, y: -196}
  m_SizeDelta: {x: 351, y: 95}
  m_Pivot: {x: 0.5, y: 0.5}
--- !u!222 &222565993491998722
CanvasRenderer:
  m_GameObject: {fileID: 1417428308451046}
--- !u!114 &114563186731704401
MonoBehaviour:
  m_GameObject: {fileID: 1417428308451046}
  m_Enabled: 1
  m_EditorHideFlags: 0
  m_Script: {fileID: -765806418, guid: f70555f144d8491a825f0804e09c671c, type: 3}
  m_Name:
  m_EditorClassIdentifier:
  m_Material: {fileID: 0}
  m_Color: {r: 1, g: 1, b: 1, a: 0}
  m_RaycastTarget: 1
  m_OnCullStateChanged:
    m_PersistentCalls:
      m_Calls: []
    m_TypeName: UnityEngine.UI.MaskableGraphic+CullStateChangedEvent, UnityEngine.UI, Version=1.0.0.0, Culture=neutral, PublicKeyToken=null
  m_Sprite: {fileID: 21300006, guid: e8039becb70d69d478ef1510a2dc1570, type: 3}
  m_Type: 1
  m_PreserveAspect: 0
  m_FillCenter: 1
  m_FillMethod: 4
  m_FillAmount: 1
  m_FillClockwise: 1
  m_FillOrigin: 0
--- !u!114 &114374131650279368
MonoBehaviour:
  m_GameObject: {fileID: 1417428308451046}
  m_Enabled: 1
  m_EditorHideFlags: 0
  m_Script: {fileID: 11500000, guid: a7462a6f86a1293479f96c611435dc98, type: 3}
  m_Name:
  m_EditorClassIdentifier:
  label:
  method: 0
  style: 0
  animationCurve:
    serializedVersion: 2
    m_Curve:
    - serializedVersion: 2
      time: 0
      value: 0
      inSlope: 0
      outSlope: 1
      tangentMode: 0
    - serializedVersion: 2
      time: 1
      value: 1
      inSlope: 1
      outSlope: 0
      tangentMode: 0
    m_PreInfinity: 2
    m_PostInfinity: 2
    m_RotationOrder: 0
  ignoreTimeScale: 1
  delay: 2.1
  duration: 0.2
  steeperCurves: 0
  tweenGroup: 0
  DisableInputWhileTweening: 0
  eventReceiver: {fileID: 0}
  callWhenFinished:
  from: 0
  to: 1
--- !u!1 &1945996590026877
GameObject:
  serializedVersion: 5
  m_Component:
  - component: {fileID: 224262046390861598}
  - component: {fileID: 222871281628650665}
  - component: {fileID: 114608235524397745}
  - component: {fileID: 114926667676873011}
  - component: {fileID: 114524469634566474}
  m_Layer: 0
  m_Name: CakeName
  m_TagString: Untagged
  m_Icon: {fileID: 0}
  m_NavMeshLayer: 0
  m_StaticEditorFlags: 0
  m_IsActive: 1
--- !u!224 &224262046390861598
RectTransform:
  m_GameObject: {fileID: 1945996590026877}
  m_LocalRotation: {x: 0, y: 0, z: 0, w: 1}
  m_LocalPosition: {x: 69, y: -179, z: 0}
  m_LocalScale: {x: 1.0001, y: 1.0001, z: 1.0001}
  m_Children: []
  m_Father: {fileID: 224204363262033994}
  m_RootOrder: 8
  m_LocalEulerAnglesHint: {x: 0, y: 0, z: 0}
  m_AnchorMin: {x: 0.5, y: 0.5}
  m_AnchorMax: {x: 0.5, y: 0.5}
  m_AnchoredPosition: {x: 69, y: -179}
  m_SizeDelta: {x: 302, y: 37}
  m_Pivot: {x: 0.5, y: 0.5}
--- !u!222 &222871281628650665
CanvasRenderer:
  m_GameObject: {fileID: 1945996590026877}
--- !u!114 &114608235524397745
MonoBehaviour:
  m_GameObject: {fileID: 1945996590026877}
  m_Enabled: 1
  m_EditorHideFlags: 0
  m_Script: {fileID: 708705254, guid: f70555f144d8491a825f0804e09c671c, type: 3}
  m_Name:
  m_EditorClassIdentifier:
  m_Material: {fileID: 0}
  m_Color: {r: 0.5882353, g: 0.5882353, b: 0.5882353, a: 0}
  m_RaycastTarget: 1
  m_OnCullStateChanged:
    m_PersistentCalls:
      m_Calls: []
    m_TypeName: UnityEngine.UI.MaskableGraphic+CullStateChangedEvent, UnityEngine.UI, Version=1.0.0.0, Culture=neutral, PublicKeyToken=null
  m_FontData:
    m_Font: {fileID: 12800000, guid: 5cddca35a8ee91743ba295b419db2196, type: 3}
    m_FontSize: 29
    m_FontStyle: 0
    m_BestFit: 1
    m_MinSize: 20
    m_MaxSize: 29
    m_Alignment: 0
    m_RichText: 1
    m_HorizontalOverflow: 0
    m_VerticalOverflow: 0
    m_LineSpacing: 1
  m_Text: '!!FC_NIS_CHAR_DIALOG_02'
--- !u!114 &114926667676873011
MonoBehaviour:
  m_GameObject: {fileID: 1945996590026877}
  m_Enabled: 1
  m_EditorHideFlags: 0
  m_Script: {fileID: 11500000, guid: 3dbabdb6cbf9d5244bcbe1436cfbf160, type: 3}
  m_Name:
  m_EditorClassIdentifier:
--- !u!114 &114524469634566474
MonoBehaviour:
  m_GameObject: {fileID: 1945996590026877}
  m_Enabled: 1
  m_EditorHideFlags: 0
  m_Script: {fileID: 11500000, guid: a7462a6f86a1293479f96c611435dc98, type: 3}
  m_Name:
  m_EditorClassIdentifier:
  label:
  method: 0
  style: 0
  animationCurve:
    serializedVersion: 2
    m_Curve:
    - serializedVersion: 2
      time: 0
      value: 0
      inSlope: 0
      outSlope: 1
      tangentMode: 0
    - serializedVersion: 2
      time: 1
      value: 1
      inSlope: 1
      outSlope: 0
      tangentMode: 0
    m_PreInfinity: 2
    m_PostInfinity: 2
    m_RotationOrder: 0
  ignoreTimeScale: 1
  delay: 2.2
  duration: 0.2
  steeperCurves: 0
  tweenGroup: 0
  DisableInputWhileTweening: 0
  eventReceiver: {fileID: 0}
  callWhenFinished:
  from: 0
  to: 1
--- !u!1 &1747656786334331
GameObject:
  serializedVersion: 5
  m_Component:
  - component: {fileID: 224250663134290528}
  - component: {fileID: 222709541055083176}
  - component: {fileID: 114512926795596852}
  - component: {fileID: 114140308649930742}
  - component: {fileID: 114994122652257667}
  m_Layer: 0
  m_Name: CakeText
  m_TagString: Untagged
  m_Icon: {fileID: 0}
  m_NavMeshLayer: 0
  m_StaticEditorFlags: 0
  m_IsActive: 1
--- !u!224 &224250663134290528
RectTransform:
  m_GameObject: {fileID: 1747656786334331}
  m_LocalRotation: {x: 0, y: 0, z: 0, w: 1}
  m_LocalPosition: {x: 69, y: -220, z: 0}
  m_LocalScale: {x: 1, y: 1, z: 1}
  m_Children: []
  m_Father: {fileID: 224204363262033994}
  m_RootOrder: 9
  m_LocalEulerAnglesHint: {x: 0, y: 0, z: 0}
  m_AnchorMin: {x: 0.5, y: 0.5}
  m_AnchorMax: {x: 0.5, y: 0.5}
  m_AnchoredPosition: {x: 69, y: -220}
  m_SizeDelta: {x: 302, y: 46}
  m_Pivot: {x: 0.5, y: 0.5}
--- !u!222 &222709541055083176
CanvasRenderer:
  m_GameObject: {fileID: 1747656786334331}
--- !u!114 &114512926795596852
MonoBehaviour:
  m_GameObject: {fileID: 1747656786334331}
  m_Enabled: 1
  m_EditorHideFlags: 0
  m_Script: {fileID: 708705254, guid: f70555f144d8491a825f0804e09c671c, type: 3}
  m_Name:
  m_EditorClassIdentifier:
  m_Material: {fileID: 0}
  m_Color: {r: 0.2431373, g: 0.2431373, b: 0.2470588, a: 0}
  m_RaycastTarget: 1
  m_OnCullStateChanged:
    m_PersistentCalls:
      m_Calls: []
    m_TypeName: UnityEngine.UI.MaskableGraphic+CullStateChangedEvent, UnityEngine.UI, Version=1.0.0.0, Culture=neutral, PublicKeyToken=null
  m_FontData:
    m_Font: {fileID: 12800000, guid: 5cddca35a8ee91743ba295b419db2196, type: 3}
    m_FontSize: 30
    m_FontStyle: 0
    m_BestFit: 1
    m_MinSize: 20
    m_MaxSize: 30
    m_Alignment: 0
    m_RichText: 1
    m_HorizontalOverflow: 0
    m_VerticalOverflow: 0
    m_LineSpacing: 1
  m_Text: '!!FC_NIS_32_DIALOG_1B'
--- !u!114 &114140308649930742
MonoBehaviour:
  m_GameObject: {fileID: 1747656786334331}
  m_Enabled: 1
  m_EditorHideFlags: 0
  m_Script: {fileID: 11500000, guid: 3dbabdb6cbf9d5244bcbe1436cfbf160, type: 3}
  m_Name:
  m_EditorClassIdentifier:
--- !u!114 &114994122652257667
MonoBehaviour:
  m_GameObject: {fileID: 1747656786334331}
  m_Enabled: 1
  m_EditorHideFlags: 0
  m_Script: {fileID: 11500000, guid: a7462a6f86a1293479f96c611435dc98, type: 3}
  m_Name:
  m_EditorClassIdentifier:
  label:
  method: 0
  style: 0
  animationCurve:
    serializedVersion: 2
    m_Curve:
    - serializedVersion: 2
      time: 0
      value: 0
      inSlope: 0
      outSlope: 1
      tangentMode: 0
    - serializedVersion: 2
      time: 1
      value: 1
      inSlope: 1
      outSlope: 0
      tangentMode: 0
    m_PreInfinity: 2
    m_PostInfinity: 2
    m_RotationOrder: 0
  ignoreTimeScale: 1
  delay: 2.2
  duration: 0.2
  steeperCurves: 0
  tweenGroup: 0
  DisableInputWhileTweening: 0
  eventReceiver: {fileID: 0}
  callWhenFinished:
  from: 0
  to: 1
--- !u!1 &1787823290839016
GameObject:
  serializedVersion: 5
  m_Component:
  - component: {fileID: 224420588678897367}
  m_Layer: 9
  m_Name: Panel02
  m_TagString: Untagged
  m_Icon: {fileID: 0}
  m_NavMeshLayer: 0
  m_StaticEditorFlags: 0
  m_IsActive: 0
--- !u!224 &224420588678897367
RectTransform:
  m_GameObject: {fileID: 1787823290839016}
  m_LocalRotation: {x: 0, y: 0, z: 0, w: 1}
  m_LocalPosition: {x: 0, y: 4.172325E-07, z: 0}
  m_LocalScale: {x: 1, y: 1, z: 1}
  m_Children:
  - {fileID: 224087350495573845}
  m_Father: {fileID: 224156936691730923}
  m_RootOrder: 1
  m_LocalEulerAnglesHint: {x: 0, y: 0, z: 0}
  m_AnchorMin: {x: 0, y: 0}
  m_AnchorMax: {x: 1, y: 1}
  m_AnchoredPosition: {x: 0, y: 4.172325E-07}
  m_SizeDelta: {x: 0, y: 0}
  m_Pivot: {x: 0.5, y: 0.5}
--- !u!1 &1728224392803327
GameObject:
  serializedVersion: 5
  m_Component:
  - component: {fileID: 224087350495573845}
  - component: {fileID: 222349269967409279}
  - component: {fileID: 114709627036655693}
  m_Layer: 9
  m_Name: UI
  m_TagString: Untagged
  m_Icon: {fileID: 0}
  m_NavMeshLayer: 0
  m_StaticEditorFlags: 0
  m_IsActive: 1
--- !u!224 &224087350495573845
RectTransform:
  m_GameObject: {fileID: 1728224392803327}
  m_LocalRotation: {x: 0, y: 0, z: 0, w: 1}
  m_LocalPosition: {x: 0, y: 0, z: 0}
  m_LocalScale: {x: 0.9999999, y: 0.9999999, z: 0.9999999}
  m_Children:
  - {fileID: 224258871123938073}
  - {fileID: 224451062374840125}
  - {fileID: 224585425114045979}
  - {fileID: 224746189822007384}
  - {fileID: 224871852605099156}
  - {fileID: 224024170259986775}
  - {fileID: 224055096992233238}
  m_Father: {fileID: 224420588678897367}
  m_RootOrder: 0
  m_LocalEulerAnglesHint: {x: 0, y: 0, z: 0}
  m_AnchorMin: {x: 0, y: 0}
  m_AnchorMax: {x: 1, y: 1}
  m_AnchoredPosition: {x: 0, y: 0}
  m_SizeDelta: {x: 0, y: 0}
  m_Pivot: {x: 0.5, y: 0.5}
--- !u!222 &222349269967409279
CanvasRenderer:
  m_GameObject: {fileID: 1728224392803327}
--- !u!114 &114709627036655693
MonoBehaviour:
  m_GameObject: {fileID: 1728224392803327}
  m_Enabled: 1
  m_EditorHideFlags: 0
  m_Script: {fileID: -765806418, guid: f70555f144d8491a825f0804e09c671c, type: 3}
  m_Name:
  m_EditorClassIdentifier:
  m_Material: {fileID: 0}
  m_Color: {r: 1, g: 1, b: 1, a: 1}
  m_RaycastTarget: 1
  m_OnCullStateChanged:
    m_PersistentCalls:
      m_Calls: []
    m_TypeName: UnityEngine.UI.MaskableGraphic+CullStateChangedEvent, UnityEngine.UI, Version=1.0.0.0, Culture=neutral, PublicKeyToken=null
  m_Sprite: {fileID: 0}
  m_Type: 1
  m_PreserveAspect: 0
  m_FillCenter: 1
  m_FillMethod: 4
  m_FillAmount: 1
  m_FillClockwise: 1
  m_FillOrigin: 0
--- !u!1 &1858677674998400
GameObject:
  serializedVersion: 5
  m_Component:
  - component: {fileID: 224258871123938073}
  - component: {fileID: 222756554979554471}
  - component: {fileID: 114560517508321619}
  m_Layer: 9
  m_Name: BottomStrip
  m_TagString: Untagged
  m_Icon: {fileID: 0}
  m_NavMeshLayer: 0
  m_StaticEditorFlags: 0
  m_IsActive: 1
--- !u!224 &224258871123938073
RectTransform:
  m_GameObject: {fileID: 1858677674998400}
  m_LocalRotation: {x: 0, y: 0, z: 0, w: 1}
  m_LocalPosition: {x: 0, y: -178, z: 0}
  m_LocalScale: {x: 0.9999999, y: 0.9999999, z: 0.9999999}
  m_Children: []
  m_Father: {fileID: 224087350495573845}
  m_RootOrder: 0
  m_LocalEulerAnglesHint: {x: 0, y: 0, z: 0}
  m_AnchorMin: {x: 0, y: 0}
  m_AnchorMax: {x: 1, y: 1}
  m_AnchoredPosition: {x: 0, y: -178}
  m_SizeDelta: {x: 0, y: -356}
  m_Pivot: {x: 0.5, y: 0.5}
--- !u!222 &222756554979554471
CanvasRenderer:
  m_GameObject: {fileID: 1858677674998400}
--- !u!114 &114560517508321619
MonoBehaviour:
  m_GameObject: {fileID: 1858677674998400}
  m_Enabled: 1
  m_EditorHideFlags: 0
  m_Script: {fileID: -765806418, guid: f70555f144d8491a825f0804e09c671c, type: 3}
  m_Name:
  m_EditorClassIdentifier:
  m_Material: {fileID: 0}
  m_Color: {r: 0.4117647, g: 0.5647059, b: 0.854902, a: 1}
  m_RaycastTarget: 1
  m_OnCullStateChanged:
    m_PersistentCalls:
      m_Calls: []
    m_TypeName: UnityEngine.UI.MaskableGraphic+CullStateChangedEvent, UnityEngine.UI, Version=1.0.0.0, Culture=neutral, PublicKeyToken=null
  m_Sprite: {fileID: 21300000, guid: ba0f319cf17a5c94582830683c6d2078, type: 3}
  m_Type: 1
  m_PreserveAspect: 0
  m_FillCenter: 1
  m_FillMethod: 4
  m_FillAmount: 1
  m_FillClockwise: 1
  m_FillOrigin: 0
--- !u!1 &1312674872521628
GameObject:
  serializedVersion: 5
  m_Component:
  - component: {fileID: 224451062374840125}
  - component: {fileID: 222067791059212637}
  - component: {fileID: 114685562043811936}
  - component: {fileID: 114101909177373519}
  m_Layer: 9
  m_Name: MiddleStrip
  m_TagString: Untagged
  m_Icon: {fileID: 0}
  m_NavMeshLayer: 0
  m_StaticEditorFlags: 0
  m_IsActive: 1
--- !u!224 &224451062374840125
RectTransform:
  m_GameObject: {fileID: 1312674872521628}
  m_LocalRotation: {x: 0, y: 0, z: 0, w: 1}
  m_LocalPosition: {x: 0, y: 0, z: 0}
  m_LocalScale: {x: 1, y: 1, z: 1}
  m_Children: []
  m_Father: {fileID: 224087350495573845}
  m_RootOrder: 1
  m_LocalEulerAnglesHint: {x: 0, y: 0, z: 0}
  m_AnchorMin: {x: 0, y: 0}
  m_AnchorMax: {x: 1, y: 1}
  m_AnchoredPosition: {x: 0, y: -3.814697E-06}
  m_SizeDelta: {x: 0, y: -642}
  m_Pivot: {x: 0.5, y: 0.5}
--- !u!222 &222067791059212637
CanvasRenderer:
  m_GameObject: {fileID: 1312674872521628}
--- !u!114 &114685562043811936
MonoBehaviour:
  m_GameObject: {fileID: 1312674872521628}
  m_Enabled: 1
  m_EditorHideFlags: 0
  m_Script: {fileID: -765806418, guid: f70555f144d8491a825f0804e09c671c, type: 3}
  m_Name:
  m_EditorClassIdentifier:
  m_Material: {fileID: 0}
  m_Color: {r: 0.6705883, g: 0.9137255, b: 1, a: 1}
  m_RaycastTarget: 1
  m_OnCullStateChanged:
    m_PersistentCalls:
      m_Calls: []
    m_TypeName: UnityEngine.UI.MaskableGraphic+CullStateChangedEvent, UnityEngine.UI, Version=1.0.0.0, Culture=neutral, PublicKeyToken=null
  m_Sprite: {fileID: 0}
  m_Type: 1
  m_PreserveAspect: 0
  m_FillCenter: 1
  m_FillMethod: 4
  m_FillAmount: 1
  m_FillClockwise: 1
  m_FillOrigin: 0
--- !u!114 &114101909177373519
MonoBehaviour:
  m_GameObject: {fileID: 1312674872521628}
  m_Enabled: 1
  m_EditorHideFlags: 0
  m_Script: {fileID: 1573420865, guid: f70555f144d8491a825f0804e09c671c, type: 3}
  m_Name:
  m_EditorClassIdentifier:
  m_EffectColor: {r: 0, g: 0, b: 0, a: 0.1529412}
  m_EffectDistance: {x: 0, y: -10}
  m_UseGraphicAlpha: 1
--- !u!1 &1022452284171631
GameObject:
  serializedVersion: 5
  m_Component:
  - component: {fileID: 224585425114045979}
  m_Layer: 9
  m_Name: Panel
  m_TagString: Untagged
  m_Icon: {fileID: 0}
  m_NavMeshLayer: 0
  m_StaticEditorFlags: 0
  m_IsActive: 1
--- !u!224 &224585425114045979
RectTransform:
  m_GameObject: {fileID: 1022452284171631}
  m_LocalRotation: {x: 0, y: 0, z: 0, w: 1}
  m_LocalPosition: {x: -392, y: 164, z: 0}
  m_LocalScale: {x: 1, y: 1, z: 1}
  m_Children:
  - {fileID: 224276020627077300}
  m_Father: {fileID: 224087350495573845}
  m_RootOrder: 2
  m_LocalEulerAnglesHint: {x: 0, y: 0, z: 0}
  m_AnchorMin: {x: 0.5, y: 0.5}
  m_AnchorMax: {x: 0.5, y: 0.5}
  m_AnchoredPosition: {x: -392, y: 164}
  m_SizeDelta: {x: 0, y: 0}
  m_Pivot: {x: 0.5, y: 0.5}
--- !u!1 &1642014244219597
GameObject:
  serializedVersion: 5
  m_Component:
  - component: {fileID: 224276020627077300}
  - component: {fileID: 222940861726467431}
  - component: {fileID: 114384680707457277}
  - component: {fileID: 114897800233277366}
  m_Layer: 9
  m_Name: InsideMask
  m_TagString: Untagged
  m_Icon: {fileID: 0}
  m_NavMeshLayer: 0
  m_StaticEditorFlags: 0
  m_IsActive: 1
--- !u!224 &224276020627077300
RectTransform:
  m_GameObject: {fileID: 1642014244219597}
  m_LocalRotation: {x: 0, y: 0, z: 0, w: 1}
  m_LocalPosition: {x: 387, y: 25, z: 0}
  m_LocalScale: {x: 1, y: 1, z: 1}
  m_Children:
  - {fileID: 224754991195955575}
  - {fileID: 224810379732100885}
  m_Father: {fileID: 224585425114045979}
  m_RootOrder: 0
  m_LocalEulerAnglesHint: {x: 0, y: 0, z: 0}
  m_AnchorMin: {x: 0.5, y: 0.5}
  m_AnchorMax: {x: 0.5, y: 0.5}
  m_AnchoredPosition: {x: 387, y: 25}
  m_SizeDelta: {x: 594, y: 346}
  m_Pivot: {x: 0.5, y: 0.5}
--- !u!222 &222940861726467431
CanvasRenderer:
  m_GameObject: {fileID: 1642014244219597}
--- !u!114 &114384680707457277
MonoBehaviour:
  m_GameObject: {fileID: 1642014244219597}
  m_Enabled: 1
  m_EditorHideFlags: 0
  m_Script: {fileID: -765806418, guid: f70555f144d8491a825f0804e09c671c, type: 3}
  m_Name:
  m_EditorClassIdentifier:
  m_Material: {fileID: 0}
  m_Color: {r: 1, g: 0, b: 0, a: 1}
  m_RaycastTarget: 1
  m_OnCullStateChanged:
    m_PersistentCalls:
      m_Calls: []
    m_TypeName: UnityEngine.UI.MaskableGraphic+CullStateChangedEvent, UnityEngine.UI, Version=1.0.0.0, Culture=neutral, PublicKeyToken=null
  m_Sprite: {fileID: 0}
  m_Type: 1
  m_PreserveAspect: 0
  m_FillCenter: 1
  m_FillMethod: 4
  m_FillAmount: 1
  m_FillClockwise: 1
  m_FillOrigin: 0
--- !u!114 &114897800233277366
MonoBehaviour:
  m_GameObject: {fileID: 1642014244219597}
  m_Enabled: 1
  m_EditorHideFlags: 0
  m_Script: {fileID: -1200242548, guid: f70555f144d8491a825f0804e09c671c, type: 3}
  m_Name:
  m_EditorClassIdentifier:
  m_ShowMaskGraphic: 0
--- !u!1 &1818255669868313
GameObject:
  serializedVersion: 5
  m_Component:
  - component: {fileID: 224754991195955575}
  - component: {fileID: 222271632873986459}
  - component: {fileID: 114455482578914161}
  m_Layer: 9
  m_Name: Background
  m_TagString: Untagged
  m_Icon: {fileID: 0}
  m_NavMeshLayer: 0
  m_StaticEditorFlags: 0
  m_IsActive: 1
--- !u!224 &224754991195955575
RectTransform:
  m_GameObject: {fileID: 1818255669868313}
  m_LocalRotation: {x: 0, y: 0, z: 0, w: 1}
  m_LocalPosition: {x: 15, y: -15, z: 0}
  m_LocalScale: {x: -1, y: 1, z: 1}
  m_Children: []
  m_Father: {fileID: 224276020627077300}
  m_RootOrder: 0
  m_LocalEulerAnglesHint: {x: 0, y: 0, z: 0}
  m_AnchorMin: {x: 0.5, y: 0.5}
  m_AnchorMax: {x: 0.5, y: 0.5}
  m_AnchoredPosition: {x: 15, y: -15}
  m_SizeDelta: {x: 674, y: 380}
  m_Pivot: {x: 0.5, y: 0.5}
--- !u!222 &222271632873986459
CanvasRenderer:
  m_GameObject: {fileID: 1818255669868313}
--- !u!114 &114455482578914161
MonoBehaviour:
  m_GameObject: {fileID: 1818255669868313}
  m_Enabled: 1
  m_EditorHideFlags: 0
  m_Script: {fileID: -765806418, guid: f70555f144d8491a825f0804e09c671c, type: 3}
  m_Name:
  m_EditorClassIdentifier:
  m_Material: {fileID: 0}
  m_Color: {r: 1, g: 1, b: 1, a: 1}
  m_RaycastTarget: 1
  m_OnCullStateChanged:
    m_PersistentCalls:
      m_Calls: []
    m_TypeName: UnityEngine.UI.MaskableGraphic+CullStateChangedEvent, UnityEngine.UI, Version=1.0.0.0, Culture=neutral, PublicKeyToken=null
  m_Sprite: {fileID: 21300024, guid: e8039becb70d69d478ef1510a2dc1570, type: 3}
  m_Type: 0
  m_PreserveAspect: 1
  m_FillCenter: 1
  m_FillMethod: 4
  m_FillAmount: 1
  m_FillClockwise: 1
  m_FillOrigin: 0
--- !u!1 &1055777516160823
GameObject:
  serializedVersion: 5
  m_Component:
  - component: {fileID: 224810379732100885}
  - component: {fileID: 222434299866842458}
  - component: {fileID: 114072692331892297}
  m_Layer: 0
  m_Name: Cake
  m_TagString: Untagged
  m_Icon: {fileID: 0}
  m_NavMeshLayer: 0
  m_StaticEditorFlags: 0
  m_IsActive: 1
--- !u!224 &224810379732100885
RectTransform:
  m_GameObject: {fileID: 1055777516160823}
  m_LocalRotation: {x: 0, y: 0, z: 0, w: 1}
  m_LocalPosition: {x: -63, y: -14, z: 0}
  m_LocalScale: {x: -1, y: 1, z: 1}
  m_Children: []
  m_Father: {fileID: 224276020627077300}
  m_RootOrder: 1
  m_LocalEulerAnglesHint: {x: 0, y: 0, z: 0}
  m_AnchorMin: {x: 0.5, y: 0.5}
  m_AnchorMax: {x: 0.5, y: 0.5}
  m_AnchoredPosition: {x: -63, y: -14}
  m_SizeDelta: {x: 391, y: 355}
  m_Pivot: {x: 0.5, y: 0.5}
--- !u!222 &222434299866842458
CanvasRenderer:
  m_GameObject: {fileID: 1055777516160823}
--- !u!114 &114072692331892297
MonoBehaviour:
  m_GameObject: {fileID: 1055777516160823}
  m_Enabled: 1
  m_EditorHideFlags: 0
  m_Script: {fileID: -765806418, guid: f70555f144d8491a825f0804e09c671c, type: 3}
  m_Name:
  m_EditorClassIdentifier:
  m_Material: {fileID: 0}
  m_Color: {r: 1, g: 1, b: 1, a: 1}
  m_RaycastTarget: 1
  m_OnCullStateChanged:
    m_PersistentCalls:
      m_Calls: []
    m_TypeName: UnityEngine.UI.MaskableGraphic+CullStateChangedEvent, UnityEngine.UI, Version=1.0.0.0, Culture=neutral, PublicKeyToken=null
  m_Sprite: {fileID: 21300036, guid: e8039becb70d69d478ef1510a2dc1570, type: 3}
  m_Type: 0
  m_PreserveAspect: 0
  m_FillCenter: 1
  m_FillMethod: 4
  m_FillAmount: 1
  m_FillClockwise: 1
  m_FillOrigin: 0
--- !u!1 &1792418770810629
GameObject:
  serializedVersion: 5
  m_Component:
  - component: {fileID: 224746189822007384}
  - component: {fileID: 222602867061955340}
  - component: {fileID: 114592346584259910}
  - component: {fileID: 114677274608878787}
  m_Layer: 9
  m_Name: Border 1
  m_TagString: Untagged
  m_Icon: {fileID: 0}
  m_NavMeshLayer: 0
  m_StaticEditorFlags: 0
  m_IsActive: 1
--- !u!224 &224746189822007384
RectTransform:
  m_GameObject: {fileID: 1792418770810629}
  m_LocalRotation: {x: 0, y: 0, z: 0, w: 1}
  m_LocalPosition: {x: -57, y: -60, z: 0}
  m_LocalScale: {x: 0.9999, y: 0.9999, z: 0.9999}
  m_Children: []
  m_Father: {fileID: 224087350495573845}
  m_RootOrder: 3
  m_LocalEulerAnglesHint: {x: 0, y: 0, z: 0}
  m_AnchorMin: {x: 0.5, y: 0.5}
  m_AnchorMax: {x: 0.5, y: 0.5}
  m_AnchoredPosition: {x: -57, y: -60}
  m_SizeDelta: {x: 434, y: 122}
  m_Pivot: {x: 0.5, y: 0.5}
--- !u!222 &222602867061955340
CanvasRenderer:
  m_GameObject: {fileID: 1792418770810629}
--- !u!114 &114592346584259910
MonoBehaviour:
  m_GameObject: {fileID: 1792418770810629}
  m_Enabled: 1
  m_EditorHideFlags: 0
  m_Script: {fileID: -765806418, guid: f70555f144d8491a825f0804e09c671c, type: 3}
  m_Name:
  m_EditorClassIdentifier:
  m_Material: {fileID: 0}
  m_Color: {r: 1, g: 1, b: 1, a: 0}
  m_RaycastTarget: 1
  m_OnCullStateChanged:
    m_PersistentCalls:
      m_Calls: []
    m_TypeName: UnityEngine.UI.MaskableGraphic+CullStateChangedEvent, UnityEngine.UI, Version=1.0.0.0, Culture=neutral, PublicKeyToken=null
  m_Sprite: {fileID: 21300006, guid: e8039becb70d69d478ef1510a2dc1570, type: 3}
  m_Type: 1
  m_PreserveAspect: 0
  m_FillCenter: 1
  m_FillMethod: 4
  m_FillAmount: 1
  m_FillClockwise: 1
  m_FillOrigin: 0
--- !u!114 &114677274608878787
MonoBehaviour:
  m_GameObject: {fileID: 1792418770810629}
  m_Enabled: 1
  m_EditorHideFlags: 0
  m_Script: {fileID: 11500000, guid: a7462a6f86a1293479f96c611435dc98, type: 3}
  m_Name:
  m_EditorClassIdentifier:
  label:
  method: 0
  style: 0
  animationCurve:
    serializedVersion: 2
    m_Curve:
    - serializedVersion: 2
      time: 0
      value: 0
      inSlope: 0
      outSlope: 1
      tangentMode: 0
    - serializedVersion: 2
      time: 1
      value: 1
      inSlope: 1
      outSlope: 0
      tangentMode: 0
    m_PreInfinity: 2
    m_PostInfinity: 2
    m_RotationOrder: 0
  ignoreTimeScale: 1
  delay: 0.3
  duration: 0.2
  steeperCurves: 0
  tweenGroup: 0
  DisableInputWhileTweening: 0
  eventReceiver: {fileID: 0}
  callWhenFinished:
  from: 0
  to: 1
--- !u!1 &1465589333583399
GameObject:
  serializedVersion: 5
  m_Component:
  - component: {fileID: 224871852605099156}
  - component: {fileID: 222648406830568443}
  - component: {fileID: 114021194819654983}
  - component: {fileID: 114845102764777367}
  - component: {fileID: 114014756398951997}
  m_Layer: 0
  m_Name: CakeName
  m_TagString: Untagged
  m_Icon: {fileID: 0}
  m_NavMeshLayer: 0
  m_StaticEditorFlags: 0
  m_IsActive: 1
--- !u!224 &224871852605099156
RectTransform:
  m_GameObject: {fileID: 1465589333583399}
  m_LocalRotation: {x: 0, y: 0, z: 0, w: 1}
  m_LocalPosition: {x: -56, y: -38, z: 0}
  m_LocalScale: {x: 1.0001, y: 1.0001, z: 1.0001}
  m_Children: []
  m_Father: {fileID: 224087350495573845}
  m_RootOrder: 4
  m_LocalEulerAnglesHint: {x: 0, y: 0, z: 0}
  m_AnchorMin: {x: 0.5, y: 0.5}
  m_AnchorMax: {x: 0.5, y: 0.5}
  m_AnchoredPosition: {x: -56, y: -38}
  m_SizeDelta: {x: 393.97, y: 49}
  m_Pivot: {x: 0.5, y: 0.5}
--- !u!222 &222648406830568443
CanvasRenderer:
  m_GameObject: {fileID: 1465589333583399}
--- !u!114 &114021194819654983
MonoBehaviour:
  m_GameObject: {fileID: 1465589333583399}
  m_Enabled: 1
  m_EditorHideFlags: 0
  m_Script: {fileID: 708705254, guid: f70555f144d8491a825f0804e09c671c, type: 3}
  m_Name:
  m_EditorClassIdentifier:
  m_Material: {fileID: 0}
  m_Color: {r: 0.5882353, g: 0.5882353, b: 0.5882353, a: 0}
  m_RaycastTarget: 1
  m_OnCullStateChanged:
    m_PersistentCalls:
      m_Calls: []
    m_TypeName: UnityEngine.UI.MaskableGraphic+CullStateChangedEvent, UnityEngine.UI, Version=1.0.0.0, Culture=neutral, PublicKeyToken=null
  m_FontData:
    m_Font: {fileID: 12800000, guid: 5cddca35a8ee91743ba295b419db2196, type: 3}
    m_FontSize: 29
    m_FontStyle: 0
    m_BestFit: 1
    m_MinSize: 20
    m_MaxSize: 29
    m_Alignment: 0
    m_RichText: 1
    m_HorizontalOverflow: 0
    m_VerticalOverflow: 0
    m_LineSpacing: 1
  m_Text: '!!FC_NIS_CHAR_DIALOG_02'
--- !u!114 &114845102764777367
MonoBehaviour:
  m_GameObject: {fileID: 1465589333583399}
  m_Enabled: 1
  m_EditorHideFlags: 0
  m_Script: {fileID: 11500000, guid: 3dbabdb6cbf9d5244bcbe1436cfbf160, type: 3}
  m_Name:
  m_EditorClassIdentifier:
--- !u!114 &114014756398951997
MonoBehaviour:
  m_GameObject: {fileID: 1465589333583399}
  m_Enabled: 1
  m_EditorHideFlags: 0
  m_Script: {fileID: 11500000, guid: a7462a6f86a1293479f96c611435dc98, type: 3}
  m_Name:
  m_EditorClassIdentifier:
  label:
  method: 0
  style: 0
  animationCurve:
    serializedVersion: 2
    m_Curve:
    - serializedVersion: 2
      time: 0
      value: 0
      inSlope: 0
      outSlope: 1
      tangentMode: 0
    - serializedVersion: 2
      time: 1
      value: 1
      inSlope: 1
      outSlope: 0
      tangentMode: 0
    m_PreInfinity: 2
    m_PostInfinity: 2
    m_RotationOrder: 0
  ignoreTimeScale: 1
  delay: 0.4
  duration: 0.2
  steeperCurves: 0
  tweenGroup: 0
  DisableInputWhileTweening: 0
  eventReceiver: {fileID: 0}
  callWhenFinished:
  from: 0
  to: 1
--- !u!1 &1149895138942986
GameObject:
  serializedVersion: 5
  m_Component:
  - component: {fileID: 224024170259986775}
  - component: {fileID: 222520230318457751}
  - component: {fileID: 114108629682085248}
  - component: {fileID: 114337120327453605}
  - component: {fileID: 114393312552651463}
  m_Layer: 0
  m_Name: CakeText
  m_TagString: Untagged
  m_Icon: {fileID: 0}
  m_NavMeshLayer: 0
  m_StaticEditorFlags: 0
  m_IsActive: 1
--- !u!224 &224024170259986775
RectTransform:
  m_GameObject: {fileID: 1149895138942986}
  m_LocalRotation: {x: 0, y: 0, z: 0, w: 1}
  m_LocalPosition: {x: -56, y: -79, z: 0}
  m_LocalScale: {x: 1, y: 1, z: 1}
  m_Children: []
  m_Father: {fileID: 224087350495573845}
  m_RootOrder: 5
  m_LocalEulerAnglesHint: {x: 0, y: 0, z: 0}
  m_AnchorMin: {x: 0.5, y: 0.5}
  m_AnchorMax: {x: 0.5, y: 0.5}
  m_AnchoredPosition: {x: -56, y: -79}
  m_SizeDelta: {x: 394, y: 64}
  m_Pivot: {x: 0.5, y: 0.5}
--- !u!222 &222520230318457751
CanvasRenderer:
  m_GameObject: {fileID: 1149895138942986}
--- !u!114 &114108629682085248
MonoBehaviour:
  m_GameObject: {fileID: 1149895138942986}
  m_Enabled: 1
  m_EditorHideFlags: 0
  m_Script: {fileID: 708705254, guid: f70555f144d8491a825f0804e09c671c, type: 3}
  m_Name:
  m_EditorClassIdentifier:
  m_Material: {fileID: 0}
  m_Color: {r: 0.2431373, g: 0.2431373, b: 0.2470588, a: 0}
  m_RaycastTarget: 1
  m_OnCullStateChanged:
    m_PersistentCalls:
      m_Calls: []
    m_TypeName: UnityEngine.UI.MaskableGraphic+CullStateChangedEvent, UnityEngine.UI, Version=1.0.0.0, Culture=neutral, PublicKeyToken=null
  m_FontData:
    m_Font: {fileID: 12800000, guid: 5cddca35a8ee91743ba295b419db2196, type: 3}
    m_FontSize: 30
    m_FontStyle: 0
    m_BestFit: 1
    m_MinSize: 20
    m_MaxSize: 30
    m_Alignment: 0
    m_RichText: 1
    m_HorizontalOverflow: 0
    m_VerticalOverflow: 0
    m_LineSpacing: 1
  m_Text: '!!FC_NIS_32_DIALOG_2A'
--- !u!114 &114337120327453605
MonoBehaviour:
  m_GameObject: {fileID: 1149895138942986}
  m_Enabled: 1
  m_EditorHideFlags: 0
  m_Script: {fileID: 11500000, guid: 3dbabdb6cbf9d5244bcbe1436cfbf160, type: 3}
  m_Name:
  m_EditorClassIdentifier:
--- !u!114 &114393312552651463
MonoBehaviour:
  m_GameObject: {fileID: 1149895138942986}
  m_Enabled: 1
  m_EditorHideFlags: 0
  m_Script: {fileID: 11500000, guid: a7462a6f86a1293479f96c611435dc98, type: 3}
  m_Name:
  m_EditorClassIdentifier:
  label:
  method: 0
  style: 0
  animationCurve:
    serializedVersion: 2
    m_Curve:
    - serializedVersion: 2
      time: 0
      value: 0
      inSlope: 0
      outSlope: 1
      tangentMode: 0
    - serializedVersion: 2
      time: 1
      value: 1
      inSlope: 1
      outSlope: 0
      tangentMode: 0
    m_PreInfinity: 2
    m_PostInfinity: 2
    m_RotationOrder: 0
  ignoreTimeScale: 1
  delay: 0.4
  duration: 0.2
  steeperCurves: 0
  tweenGroup: 0
  DisableInputWhileTweening: 0
  eventReceiver: {fileID: 0}
  callWhenFinished:
  from: 0
  to: 1
--- !u!1 &1627735836770754
GameObject:
  serializedVersion: 5
  m_Component:
  - component: {fileID: 224055096992233238}
  - component: {fileID: 222396751263179611}
  - component: {fileID: 114954544025013566}
  m_Layer: 9
  m_Name: Border
  m_TagString: Untagged
  m_Icon: {fileID: 0}
  m_NavMeshLayer: 0
  m_StaticEditorFlags: 0
  m_IsActive: 1
--- !u!224 &224055096992233238
RectTransform:
  m_GameObject: {fileID: 1627735836770754}
  m_LocalRotation: {x: 0, y: 0, z: 0, w: 1}
  m_LocalPosition: {x: -5, y: 189, z: 0}
  m_LocalScale: {x: 1, y: 1, z: 1}
  m_Children: []
  m_Father: {fileID: 224087350495573845}
  m_RootOrder: 6
  m_LocalEulerAnglesHint: {x: 0, y: 0, z: 0}
  m_AnchorMin: {x: 0.5, y: 0.5}
  m_AnchorMax: {x: 0.5, y: 0.5}
  m_AnchoredPosition: {x: -5, y: 189}
  m_SizeDelta: {x: 598, y: 351}
  m_Pivot: {x: 0.5, y: 0.5}
--- !u!222 &222396751263179611
CanvasRenderer:
  m_GameObject: {fileID: 1627735836770754}
--- !u!114 &114954544025013566
MonoBehaviour:
  m_GameObject: {fileID: 1627735836770754}
  m_Enabled: 1
  m_EditorHideFlags: 0
  m_Script: {fileID: -765806418, guid: f70555f144d8491a825f0804e09c671c, type: 3}
  m_Name:
  m_EditorClassIdentifier:
  m_Material: {fileID: 0}
  m_Color: {r: 1, g: 1, b: 1, a: 1}
  m_RaycastTarget: 1
  m_OnCullStateChanged:
    m_PersistentCalls:
      m_Calls: []
    m_TypeName: UnityEngine.UI.MaskableGraphic+CullStateChangedEvent, UnityEngine.UI, Version=1.0.0.0, Culture=neutral, PublicKeyToken=null
  m_Sprite: {fileID: 21300004, guid: e8039becb70d69d478ef1510a2dc1570, type: 3}
  m_Type: 1
  m_PreserveAspect: 0
  m_FillCenter: 1
  m_FillMethod: 4
  m_FillAmount: 1
  m_FillClockwise: 1
  m_FillOrigin: 0
--- !u!1 &1211278770501149
GameObject:
  serializedVersion: 5
  m_Component:
  - component: {fileID: 224119783354723842}
  m_Layer: 9
  m_Name: Panel03
  m_TagString: Untagged
  m_Icon: {fileID: 0}
  m_NavMeshLayer: 0
  m_StaticEditorFlags: 0
  m_IsActive: 0
--- !u!224 &224119783354723842
RectTransform:
  m_GameObject: {fileID: 1211278770501149}
  m_LocalRotation: {x: 0, y: 0, z: 0, w: 1}
  m_LocalPosition: {x: 0, y: -1.084805E-05, z: 0}
  m_LocalScale: {x: 1, y: 1, z: 1}
  m_Children:
  - {fileID: 224535479862820396}
  m_Father: {fileID: 224156936691730923}
  m_RootOrder: 2
  m_LocalEulerAnglesHint: {x: 0, y: 0, z: 0}
  m_AnchorMin: {x: 0, y: 0}
  m_AnchorMax: {x: 1, y: 1}
  m_AnchoredPosition: {x: 0, y: -1.084805E-05}
  m_SizeDelta: {x: 0, y: 0}
  m_Pivot: {x: 0.5, y: 0.5}
--- !u!1 &1421891228724529
GameObject:
  serializedVersion: 5
  m_Component:
  - component: {fileID: 224535479862820396}
  - component: {fileID: 222141898165905441}
  - component: {fileID: 114600271574008097}
  m_Layer: 9
  m_Name: UI
  m_TagString: Untagged
  m_Icon: {fileID: 0}
  m_NavMeshLayer: 0
  m_StaticEditorFlags: 0
  m_IsActive: 1
--- !u!224 &224535479862820396
RectTransform:
  m_GameObject: {fileID: 1421891228724529}
  m_LocalRotation: {x: 0, y: 0, z: 0, w: 1}
  m_LocalPosition: {x: 0, y: 0, z: 0}
  m_LocalScale: {x: 0.9999999, y: 0.9999999, z: 0.9999999}
  m_Children:
  - {fileID: 224660982802613231}
  - {fileID: 224314978025283522}
  - {fileID: 224998137724715565}
  - {fileID: 224656937970551736}
  - {fileID: 224448983769237075}
  - {fileID: 224808692985847254}
  - {fileID: 224486175115043751}
  m_Father: {fileID: 224119783354723842}
  m_RootOrder: 0
  m_LocalEulerAnglesHint: {x: 0, y: 0, z: 0}
  m_AnchorMin: {x: 0, y: 0}
  m_AnchorMax: {x: 1, y: 1}
  m_AnchoredPosition: {x: 0, y: 0}
  m_SizeDelta: {x: 0, y: 0}
  m_Pivot: {x: 0.5, y: 0.5}
--- !u!222 &222141898165905441
CanvasRenderer:
  m_GameObject: {fileID: 1421891228724529}
--- !u!114 &114600271574008097
MonoBehaviour:
  m_GameObject: {fileID: 1421891228724529}
  m_Enabled: 1
  m_EditorHideFlags: 0
  m_Script: {fileID: -765806418, guid: f70555f144d8491a825f0804e09c671c, type: 3}
  m_Name:
  m_EditorClassIdentifier:
  m_Material: {fileID: 0}
  m_Color: {r: 1, g: 1, b: 1, a: 1}
  m_RaycastTarget: 1
  m_OnCullStateChanged:
    m_PersistentCalls:
      m_Calls: []
    m_TypeName: UnityEngine.UI.MaskableGraphic+CullStateChangedEvent, UnityEngine.UI, Version=1.0.0.0, Culture=neutral, PublicKeyToken=null
  m_Sprite: {fileID: 0}
  m_Type: 1
  m_PreserveAspect: 0
  m_FillCenter: 1
  m_FillMethod: 4
  m_FillAmount: 1
  m_FillClockwise: 1
  m_FillOrigin: 0
--- !u!1 &1742915852396274
GameObject:
  serializedVersion: 5
  m_Component:
  - component: {fileID: 224660982802613231}
  - component: {fileID: 222625409332499700}
  - component: {fileID: 114508229956993973}
  m_Layer: 9
  m_Name: BottomStrip
  m_TagString: Untagged
  m_Icon: {fileID: 0}
  m_NavMeshLayer: 0
  m_StaticEditorFlags: 0
  m_IsActive: 1
--- !u!224 &224660982802613231
RectTransform:
  m_GameObject: {fileID: 1742915852396274}
  m_LocalRotation: {x: 0, y: 0, z: 0, w: 1}
  m_LocalPosition: {x: 0, y: -178, z: 0}
  m_LocalScale: {x: 0.9999999, y: 0.9999999, z: 0.9999999}
  m_Children: []
  m_Father: {fileID: 224535479862820396}
  m_RootOrder: 0
  m_LocalEulerAnglesHint: {x: 0, y: 0, z: 0}
  m_AnchorMin: {x: 0, y: 0}
  m_AnchorMax: {x: 1, y: 1}
  m_AnchoredPosition: {x: 0, y: -178}
  m_SizeDelta: {x: 0, y: -356}
  m_Pivot: {x: 0.5, y: 0.5}
--- !u!222 &222625409332499700
CanvasRenderer:
  m_GameObject: {fileID: 1742915852396274}
--- !u!114 &114508229956993973
MonoBehaviour:
  m_GameObject: {fileID: 1742915852396274}
  m_Enabled: 1
  m_EditorHideFlags: 0
  m_Script: {fileID: -765806418, guid: f70555f144d8491a825f0804e09c671c, type: 3}
  m_Name:
  m_EditorClassIdentifier:
  m_Material: {fileID: 0}
  m_Color: {r: 0.4117647, g: 0.5647059, b: 0.854902, a: 1}
  m_RaycastTarget: 1
  m_OnCullStateChanged:
    m_PersistentCalls:
      m_Calls: []
    m_TypeName: UnityEngine.UI.MaskableGraphic+CullStateChangedEvent, UnityEngine.UI, Version=1.0.0.0, Culture=neutral, PublicKeyToken=null
  m_Sprite: {fileID: 21300000, guid: ba0f319cf17a5c94582830683c6d2078, type: 3}
  m_Type: 1
  m_PreserveAspect: 0
  m_FillCenter: 1
  m_FillMethod: 4
  m_FillAmount: 1
  m_FillClockwise: 1
  m_FillOrigin: 0
--- !u!1 &1604301807824546
GameObject:
  serializedVersion: 5
  m_Component:
  - component: {fileID: 224314978025283522}
  - component: {fileID: 222407732219126244}
  - component: {fileID: 114402340653747722}
  - component: {fileID: 114891448781819838}
  m_Layer: 9
  m_Name: MiddleStrip
  m_TagString: Untagged
  m_Icon: {fileID: 0}
  m_NavMeshLayer: 0
  m_StaticEditorFlags: 0
  m_IsActive: 1
--- !u!224 &224314978025283522
RectTransform:
  m_GameObject: {fileID: 1604301807824546}
  m_LocalRotation: {x: 0, y: 0, z: 0, w: 1}
  m_LocalPosition: {x: 0, y: 0, z: 0}
  m_LocalScale: {x: 1, y: 1, z: 1}
  m_Children: []
  m_Father: {fileID: 224535479862820396}
  m_RootOrder: 1
  m_LocalEulerAnglesHint: {x: 0, y: 0, z: 0}
  m_AnchorMin: {x: 0, y: 0}
  m_AnchorMax: {x: 1, y: 1}
  m_AnchoredPosition: {x: 0, y: -3.814697E-06}
  m_SizeDelta: {x: 0, y: -642}
  m_Pivot: {x: 0.5, y: 0.5}
--- !u!222 &222407732219126244
CanvasRenderer:
  m_GameObject: {fileID: 1604301807824546}
--- !u!114 &114402340653747722
MonoBehaviour:
  m_GameObject: {fileID: 1604301807824546}
  m_Enabled: 1
  m_EditorHideFlags: 0
  m_Script: {fileID: -765806418, guid: f70555f144d8491a825f0804e09c671c, type: 3}
  m_Name:
  m_EditorClassIdentifier:
  m_Material: {fileID: 0}
  m_Color: {r: 0.6705883, g: 0.9137255, b: 1, a: 1}
  m_RaycastTarget: 1
  m_OnCullStateChanged:
    m_PersistentCalls:
      m_Calls: []
    m_TypeName: UnityEngine.UI.MaskableGraphic+CullStateChangedEvent, UnityEngine.UI, Version=1.0.0.0, Culture=neutral, PublicKeyToken=null
  m_Sprite: {fileID: 0}
  m_Type: 1
  m_PreserveAspect: 0
  m_FillCenter: 1
  m_FillMethod: 4
  m_FillAmount: 1
  m_FillClockwise: 1
  m_FillOrigin: 0
--- !u!114 &114891448781819838
MonoBehaviour:
  m_GameObject: {fileID: 1604301807824546}
  m_Enabled: 1
  m_EditorHideFlags: 0
  m_Script: {fileID: 1573420865, guid: f70555f144d8491a825f0804e09c671c, type: 3}
  m_Name:
  m_EditorClassIdentifier:
  m_EffectColor: {r: 0, g: 0, b: 0, a: 0.1529412}
  m_EffectDistance: {x: 0, y: -10}
  m_UseGraphicAlpha: 1
--- !u!1 &1298934945336611
GameObject:
  serializedVersion: 5
  m_Component:
  - component: {fileID: 224998137724715565}
  m_Layer: 9
  m_Name: Panel
  m_TagString: Untagged
  m_Icon: {fileID: 0}
  m_NavMeshLayer: 0
  m_StaticEditorFlags: 0
  m_IsActive: 1
--- !u!224 &224998137724715565
RectTransform:
  m_GameObject: {fileID: 1298934945336611}
  m_LocalRotation: {x: 0, y: 0, z: 0, w: 1}
  m_LocalPosition: {x: -392, y: 164, z: 0}
  m_LocalScale: {x: 1, y: 1, z: 1}
  m_Children:
  - {fileID: 224631781445030869}
  m_Father: {fileID: 224535479862820396}
  m_RootOrder: 2
  m_LocalEulerAnglesHint: {x: 0, y: 0, z: 0}
  m_AnchorMin: {x: 0.5, y: 0.5}
  m_AnchorMax: {x: 0.5, y: 0.5}
  m_AnchoredPosition: {x: -392, y: 164}
  m_SizeDelta: {x: 0, y: 0}
  m_Pivot: {x: 0.5, y: 0.5}
--- !u!1 &1604877957780501
GameObject:
  serializedVersion: 5
  m_Component:
  - component: {fileID: 224631781445030869}
  - component: {fileID: 222527031307622347}
  - component: {fileID: 114305407000096621}
  - component: {fileID: 114160990946787735}
  m_Layer: 9
  m_Name: InsideMask
  m_TagString: Untagged
  m_Icon: {fileID: 0}
  m_NavMeshLayer: 0
  m_StaticEditorFlags: 0
  m_IsActive: 1
--- !u!224 &224631781445030869
RectTransform:
  m_GameObject: {fileID: 1604877957780501}
  m_LocalRotation: {x: 0, y: 0, z: 0, w: 1}
  m_LocalPosition: {x: 387, y: 25, z: 0}
  m_LocalScale: {x: 1, y: 1, z: 1}
  m_Children:
  - {fileID: 224398061219448050}
  - {fileID: 224700248143640255}
  m_Father: {fileID: 224998137724715565}
  m_RootOrder: 0
  m_LocalEulerAnglesHint: {x: 0, y: 0, z: 0}
  m_AnchorMin: {x: 0.5, y: 0.5}
  m_AnchorMax: {x: 0.5, y: 0.5}
  m_AnchoredPosition: {x: 387, y: 25}
  m_SizeDelta: {x: 594, y: 346}
  m_Pivot: {x: 0.5, y: 0.5}
--- !u!222 &222527031307622347
CanvasRenderer:
  m_GameObject: {fileID: 1604877957780501}
--- !u!114 &114305407000096621
MonoBehaviour:
  m_GameObject: {fileID: 1604877957780501}
  m_Enabled: 1
  m_EditorHideFlags: 0
  m_Script: {fileID: -765806418, guid: f70555f144d8491a825f0804e09c671c, type: 3}
  m_Name:
  m_EditorClassIdentifier:
  m_Material: {fileID: 0}
  m_Color: {r: 1, g: 0, b: 0, a: 1}
  m_RaycastTarget: 1
  m_OnCullStateChanged:
    m_PersistentCalls:
      m_Calls: []
    m_TypeName: UnityEngine.UI.MaskableGraphic+CullStateChangedEvent, UnityEngine.UI, Version=1.0.0.0, Culture=neutral, PublicKeyToken=null
  m_Sprite: {fileID: 0}
  m_Type: 1
  m_PreserveAspect: 0
  m_FillCenter: 1
  m_FillMethod: 4
  m_FillAmount: 1
  m_FillClockwise: 1
  m_FillOrigin: 0
--- !u!114 &114160990946787735
MonoBehaviour:
  m_GameObject: {fileID: 1604877957780501}
  m_Enabled: 1
  m_EditorHideFlags: 0
  m_Script: {fileID: -1200242548, guid: f70555f144d8491a825f0804e09c671c, type: 3}
  m_Name:
  m_EditorClassIdentifier:
  m_ShowMaskGraphic: 0
--- !u!1 &1648650897378381
GameObject:
  serializedVersion: 5
  m_Component:
  - component: {fileID: 224398061219448050}
  - component: {fileID: 222248945660118074}
  - component: {fileID: 114053475389175960}
  m_Layer: 9
  m_Name: Background
  m_TagString: Untagged
  m_Icon: {fileID: 0}
  m_NavMeshLayer: 0
  m_StaticEditorFlags: 0
  m_IsActive: 1
--- !u!224 &224398061219448050
RectTransform:
  m_GameObject: {fileID: 1648650897378381}
  m_LocalRotation: {x: 0, y: 0, z: 0, w: 1}
  m_LocalPosition: {x: 35, y: 41, z: 0}
  m_LocalScale: {x: -1, y: 1, z: 1}
  m_Children: []
  m_Father: {fileID: 224631781445030869}
  m_RootOrder: 0
  m_LocalEulerAnglesHint: {x: 0, y: 0, z: 0}
  m_AnchorMin: {x: 0.5, y: 0.5}
  m_AnchorMax: {x: 0.5, y: 0.5}
  m_AnchoredPosition: {x: 35, y: 41}
  m_SizeDelta: {x: 754, y: 425}
  m_Pivot: {x: 0.5, y: 0.5}
--- !u!222 &222248945660118074
CanvasRenderer:
  m_GameObject: {fileID: 1648650897378381}
--- !u!114 &114053475389175960
MonoBehaviour:
  m_GameObject: {fileID: 1648650897378381}
  m_Enabled: 1
  m_EditorHideFlags: 0
  m_Script: {fileID: -765806418, guid: f70555f144d8491a825f0804e09c671c, type: 3}
  m_Name:
  m_EditorClassIdentifier:
  m_Material: {fileID: 0}
  m_Color: {r: 1, g: 1, b: 1, a: 1}
  m_RaycastTarget: 1
  m_OnCullStateChanged:
    m_PersistentCalls:
      m_Calls: []
    m_TypeName: UnityEngine.UI.MaskableGraphic+CullStateChangedEvent, UnityEngine.UI, Version=1.0.0.0, Culture=neutral, PublicKeyToken=null
  m_Sprite: {fileID: 21300024, guid: e8039becb70d69d478ef1510a2dc1570, type: 3}
  m_Type: 0
  m_PreserveAspect: 1
  m_FillCenter: 1
  m_FillMethod: 4
  m_FillAmount: 1
  m_FillClockwise: 1
  m_FillOrigin: 0
--- !u!1 &1626690592703764
GameObject:
  serializedVersion: 5
  m_Component:
  - component: {fileID: 224700248143640255}
  - component: {fileID: 222299047449299278}
  - component: {fileID: 114725525833829172}
  m_Layer: 0
  m_Name: snowskele
  m_TagString: Untagged
  m_Icon: {fileID: 0}
  m_NavMeshLayer: 0
  m_StaticEditorFlags: 0
  m_IsActive: 1
--- !u!224 &224700248143640255
RectTransform:
  m_GameObject: {fileID: 1626690592703764}
  m_LocalRotation: {x: 0, y: 0, z: 0, w: 1}
  m_LocalPosition: {x: 15, y: -108, z: 0}
  m_LocalScale: {x: 1, y: 1, z: 1}
  m_Children: []
  m_Father: {fileID: 224631781445030869}
  m_RootOrder: 1
  m_LocalEulerAnglesHint: {x: 0, y: 0, z: 0}
  m_AnchorMin: {x: 0.5, y: 0.5}
  m_AnchorMax: {x: 0.5, y: 0.5}
  m_AnchoredPosition: {x: 15, y: -108}
  m_SizeDelta: {x: 158, y: 530}
  m_Pivot: {x: 0.5, y: 0.5}
--- !u!222 &222299047449299278
CanvasRenderer:
  m_GameObject: {fileID: 1626690592703764}
--- !u!114 &114725525833829172
MonoBehaviour:
  m_GameObject: {fileID: 1626690592703764}
  m_Enabled: 1
  m_EditorHideFlags: 0
  m_Script: {fileID: -765806418, guid: f70555f144d8491a825f0804e09c671c, type: 3}
  m_Name:
  m_EditorClassIdentifier:
  m_Material: {fileID: 0}
  m_Color: {r: 1, g: 1, b: 1, a: 1}
  m_RaycastTarget: 1
  m_OnCullStateChanged:
    m_PersistentCalls:
      m_Calls: []
    m_TypeName: UnityEngine.UI.MaskableGraphic+CullStateChangedEvent, UnityEngine.UI, Version=1.0.0.0, Culture=neutral, PublicKeyToken=null
  m_Sprite: {fileID: 21300002, guid: e8039becb70d69d478ef1510a2dc1570, type: 3}
  m_Type: 0
  m_PreserveAspect: 0
  m_FillCenter: 1
  m_FillMethod: 4
  m_FillAmount: 1
  m_FillClockwise: 1
  m_FillOrigin: 0
--- !u!1 &1396814957180784
GameObject:
  serializedVersion: 5
  m_Component:
  - component: {fileID: 224656937970551736}
  - component: {fileID: 222607689470488705}
  - component: {fileID: 114582682014721375}
  - component: {fileID: 114378343284178027}
  m_Layer: 9
  m_Name: Border 1
  m_TagString: Untagged
  m_Icon: {fileID: 0}
  m_NavMeshLayer: 0
  m_StaticEditorFlags: 0
  m_IsActive: 1
--- !u!224 &224656937970551736
RectTransform:
  m_GameObject: {fileID: 1396814957180784}
  m_LocalRotation: {x: 0, y: 0, z: 0, w: 1}
  m_LocalPosition: {x: 6, y: -60, z: 0}
  m_LocalScale: {x: 0.9999, y: 0.9999, z: 0.9999}
  m_Children: []
  m_Father: {fileID: 224535479862820396}
  m_RootOrder: 3
  m_LocalEulerAnglesHint: {x: 0, y: 0, z: 0}
  m_AnchorMin: {x: 0.5, y: 0.5}
  m_AnchorMax: {x: 0.5, y: 0.5}
  m_AnchoredPosition: {x: 6, y: -60}
  m_SizeDelta: {x: 751, y: 122}
  m_Pivot: {x: 0.5, y: 0.5}
--- !u!222 &222607689470488705
CanvasRenderer:
  m_GameObject: {fileID: 1396814957180784}
--- !u!114 &114582682014721375
MonoBehaviour:
  m_GameObject: {fileID: 1396814957180784}
  m_Enabled: 1
  m_EditorHideFlags: 0
  m_Script: {fileID: -765806418, guid: f70555f144d8491a825f0804e09c671c, type: 3}
  m_Name:
  m_EditorClassIdentifier:
  m_Material: {fileID: 0}
  m_Color: {r: 1, g: 1, b: 1, a: 0}
  m_RaycastTarget: 1
  m_OnCullStateChanged:
    m_PersistentCalls:
      m_Calls: []
    m_TypeName: UnityEngine.UI.MaskableGraphic+CullStateChangedEvent, UnityEngine.UI, Version=1.0.0.0, Culture=neutral, PublicKeyToken=null
  m_Sprite: {fileID: 21300006, guid: e8039becb70d69d478ef1510a2dc1570, type: 3}
  m_Type: 1
  m_PreserveAspect: 0
  m_FillCenter: 1
  m_FillMethod: 4
  m_FillAmount: 1
  m_FillClockwise: 1
  m_FillOrigin: 0
--- !u!114 &114378343284178027
MonoBehaviour:
  m_GameObject: {fileID: 1396814957180784}
  m_Enabled: 1
  m_EditorHideFlags: 0
  m_Script: {fileID: 11500000, guid: a7462a6f86a1293479f96c611435dc98, type: 3}
  m_Name:
  m_EditorClassIdentifier:
  label:
  method: 0
  style: 0
  animationCurve:
    serializedVersion: 2
    m_Curve:
    - serializedVersion: 2
      time: 0
      value: 0
      inSlope: 0
      outSlope: 1
      tangentMode: 0
    - serializedVersion: 2
      time: 1
      value: 1
      inSlope: 1
      outSlope: 0
      tangentMode: 0
    m_PreInfinity: 2
    m_PostInfinity: 2
    m_RotationOrder: 0
  ignoreTimeScale: 1
  delay: 0.3
  duration: 0.2
  steeperCurves: 0
  tweenGroup: 0
  DisableInputWhileTweening: 0
  eventReceiver: {fileID: 0}
  callWhenFinished:
  from: 0
  to: 1
--- !u!1 &1351872314102131
GameObject:
  serializedVersion: 5
  m_Component:
  - component: {fileID: 224448983769237075}
  - component: {fileID: 222241305535754221}
  - component: {fileID: 114685154221248175}
  - component: {fileID: 114840849332061639}
  - component: {fileID: 114728902838493568}
  m_Layer: 0
  m_Name: Ice SkeletonName
  m_TagString: Untagged
  m_Icon: {fileID: 0}
  m_NavMeshLayer: 0
  m_StaticEditorFlags: 0
  m_IsActive: 1
--- !u!224 &224448983769237075
RectTransform:
  m_GameObject: {fileID: 1351872314102131}
  m_LocalRotation: {x: 0, y: 0, z: 0, w: 1}
  m_LocalPosition: {x: -122, y: -30, z: 0}
  m_LocalScale: {x: 1.0001, y: 1.0001, z: 1.0001}
  m_Children: []
  m_Father: {fileID: 224535479862820396}
  m_RootOrder: 4
  m_LocalEulerAnglesHint: {x: 0, y: 0, z: 0}
  m_AnchorMin: {x: 0.5, y: 0.5}
  m_AnchorMax: {x: 0.5, y: 0.5}
  m_AnchoredPosition: {x: -122, y: -30}
  m_SizeDelta: {x: 454, y: 33.499}
  m_Pivot: {x: 0.5, y: 0.5}
--- !u!222 &222241305535754221
CanvasRenderer:
  m_GameObject: {fileID: 1351872314102131}
--- !u!114 &114685154221248175
MonoBehaviour:
  m_GameObject: {fileID: 1351872314102131}
  m_Enabled: 1
  m_EditorHideFlags: 0
  m_Script: {fileID: 708705254, guid: f70555f144d8491a825f0804e09c671c, type: 3}
  m_Name:
  m_EditorClassIdentifier:
  m_Material: {fileID: 0}
  m_Color: {r: 0.5882353, g: 0.5882353, b: 0.5882353, a: 0}
  m_RaycastTarget: 1
  m_OnCullStateChanged:
    m_PersistentCalls:
      m_Calls: []
    m_TypeName: UnityEngine.UI.MaskableGraphic+CullStateChangedEvent, UnityEngine.UI, Version=1.0.0.0, Culture=neutral, PublicKeyToken=null
  m_FontData:
    m_Font: {fileID: 12800000, guid: 5cddca35a8ee91743ba295b419db2196, type: 3}
    m_FontSize: 29
    m_FontStyle: 0
    m_BestFit: 1
    m_MinSize: 20
    m_MaxSize: 29
    m_Alignment: 0
    m_RichText: 1
    m_HorizontalOverflow: 0
    m_VerticalOverflow: 0
    m_LineSpacing: 1
  m_Text: '!!FC_NIS_CHAR_DIALOG_19'
--- !u!114 &114840849332061639
MonoBehaviour:
  m_GameObject: {fileID: 1351872314102131}
  m_Enabled: 1
  m_EditorHideFlags: 0
  m_Script: {fileID: 11500000, guid: 3dbabdb6cbf9d5244bcbe1436cfbf160, type: 3}
  m_Name:
  m_EditorClassIdentifier:
--- !u!114 &114728902838493568
MonoBehaviour:
  m_GameObject: {fileID: 1351872314102131}
  m_Enabled: 1
  m_EditorHideFlags: 0
  m_Script: {fileID: 11500000, guid: a7462a6f86a1293479f96c611435dc98, type: 3}
  m_Name:
  m_EditorClassIdentifier:
  label:
  method: 0
  style: 0
  animationCurve:
    serializedVersion: 2
    m_Curve:
    - serializedVersion: 2
      time: 0
      value: 0
      inSlope: 0
      outSlope: 1
      tangentMode: 0
    - serializedVersion: 2
      time: 1
      value: 1
      inSlope: 1
      outSlope: 0
      tangentMode: 0
    m_PreInfinity: 2
    m_PostInfinity: 2
    m_RotationOrder: 0
  ignoreTimeScale: 1
  delay: 0.4
  duration: 0.2
  steeperCurves: 0
  tweenGroup: 0
  DisableInputWhileTweening: 0
  eventReceiver: {fileID: 0}
  callWhenFinished:
  from: 0
  to: 1
--- !u!1 &1841250985604816
GameObject:
  serializedVersion: 5
  m_Component:
  - component: {fileID: 224808692985847254}
  - component: {fileID: 222354455345615205}
  - component: {fileID: 114655160828160079}
  - component: {fileID: 114469748813971785}
  - component: {fileID: 114571913564664749}
  m_Layer: 0
  m_Name: Ice SkeletonText
  m_TagString: Untagged
  m_Icon: {fileID: 0}
  m_NavMeshLayer: 0
  m_StaticEditorFlags: 0
  m_IsActive: 1
--- !u!224 &224808692985847254
RectTransform:
  m_GameObject: {fileID: 1841250985604816}
  m_LocalRotation: {x: 0, y: 0, z: 0, w: 1}
  m_LocalPosition: {x: 5, y: -84, z: 0}
  m_LocalScale: {x: 1, y: 1, z: 1}
  m_Children: []
  m_Father: {fileID: 224535479862820396}
  m_RootOrder: 5
  m_LocalEulerAnglesHint: {x: 0, y: 0, z: 0}
  m_AnchorMin: {x: 0.5, y: 0.5}
  m_AnchorMax: {x: 0.5, y: 0.5}
  m_AnchoredPosition: {x: 5, y: -84}
  m_SizeDelta: {x: 709, y: 74}
  m_Pivot: {x: 0.5, y: 0.5}
--- !u!222 &222354455345615205
CanvasRenderer:
  m_GameObject: {fileID: 1841250985604816}
--- !u!114 &114655160828160079
MonoBehaviour:
  m_GameObject: {fileID: 1841250985604816}
  m_Enabled: 1
  m_EditorHideFlags: 0
  m_Script: {fileID: 708705254, guid: f70555f144d8491a825f0804e09c671c, type: 3}
  m_Name:
  m_EditorClassIdentifier:
  m_Material: {fileID: 0}
  m_Color: {r: 0.2431373, g: 0.2431373, b: 0.2470588, a: 0}
  m_RaycastTarget: 1
  m_OnCullStateChanged:
    m_PersistentCalls:
      m_Calls: []
    m_TypeName: UnityEngine.UI.MaskableGraphic+CullStateChangedEvent, UnityEngine.UI, Version=1.0.0.0, Culture=neutral, PublicKeyToken=null
  m_FontData:
    m_Font: {fileID: 12800000, guid: 5cddca35a8ee91743ba295b419db2196, type: 3}
    m_FontSize: 70
    m_FontStyle: 0
    m_BestFit: 1
    m_MinSize: 20
    m_MaxSize: 70
    m_Alignment: 0
    m_RichText: 1
    m_HorizontalOverflow: 0
    m_VerticalOverflow: 0
    m_LineSpacing: 1
  m_Text: '!!FC_NIS_32_DIALOG_3A'
--- !u!114 &114469748813971785
MonoBehaviour:
  m_GameObject: {fileID: 1841250985604816}
  m_Enabled: 1
  m_EditorHideFlags: 0
  m_Script: {fileID: 11500000, guid: 3dbabdb6cbf9d5244bcbe1436cfbf160, type: 3}
  m_Name:
  m_EditorClassIdentifier:
--- !u!114 &114571913564664749
MonoBehaviour:
  m_GameObject: {fileID: 1841250985604816}
  m_Enabled: 1
  m_EditorHideFlags: 0
  m_Script: {fileID: 11500000, guid: a7462a6f86a1293479f96c611435dc98, type: 3}
  m_Name:
  m_EditorClassIdentifier:
  label:
  method: 0
  style: 0
  animationCurve:
    serializedVersion: 2
    m_Curve:
    - serializedVersion: 2
      time: 0
      value: 0
      inSlope: 0
      outSlope: 1
      tangentMode: 0
    - serializedVersion: 2
      time: 1
      value: 1
      inSlope: 1
      outSlope: 0
      tangentMode: 0
    m_PreInfinity: 2
    m_PostInfinity: 2
    m_RotationOrder: 0
  ignoreTimeScale: 1
  delay: 0.4
  duration: 0.2
  steeperCurves: 0
  tweenGroup: 0
  DisableInputWhileTweening: 0
  eventReceiver: {fileID: 0}
  callWhenFinished:
  from: 0
  to: 1
--- !u!1 &1609739075714436
GameObject:
  serializedVersion: 5
  m_Component:
  - component: {fileID: 224486175115043751}
  - component: {fileID: 222655669724307784}
  - component: {fileID: 114212369571573825}
  m_Layer: 9
  m_Name: Border
  m_TagString: Untagged
  m_Icon: {fileID: 0}
  m_NavMeshLayer: 0
  m_StaticEditorFlags: 0
  m_IsActive: 1
--- !u!224 &224486175115043751
RectTransform:
  m_GameObject: {fileID: 1609739075714436}
  m_LocalRotation: {x: 0, y: 0, z: 0, w: 1}
  m_LocalPosition: {x: -5, y: 189, z: 0}
  m_LocalScale: {x: 1, y: 1, z: 1}
  m_Children: []
  m_Father: {fileID: 224535479862820396}
  m_RootOrder: 6
  m_LocalEulerAnglesHint: {x: 0, y: 0, z: 0}
  m_AnchorMin: {x: 0.5, y: 0.5}
  m_AnchorMax: {x: 0.5, y: 0.5}
  m_AnchoredPosition: {x: -5, y: 189}
  m_SizeDelta: {x: 598, y: 351}
  m_Pivot: {x: 0.5, y: 0.5}
--- !u!222 &222655669724307784
CanvasRenderer:
  m_GameObject: {fileID: 1609739075714436}
--- !u!114 &114212369571573825
MonoBehaviour:
  m_GameObject: {fileID: 1609739075714436}
  m_Enabled: 1
  m_EditorHideFlags: 0
  m_Script: {fileID: -765806418, guid: f70555f144d8491a825f0804e09c671c, type: 3}
  m_Name:
  m_EditorClassIdentifier:
  m_Material: {fileID: 0}
  m_Color: {r: 1, g: 1, b: 1, a: 1}
  m_RaycastTarget: 1
  m_OnCullStateChanged:
    m_PersistentCalls:
      m_Calls: []
    m_TypeName: UnityEngine.UI.MaskableGraphic+CullStateChangedEvent, UnityEngine.UI, Version=1.0.0.0, Culture=neutral, PublicKeyToken=null
  m_Sprite: {fileID: 21300004, guid: e8039becb70d69d478ef1510a2dc1570, type: 3}
  m_Type: 1
  m_PreserveAspect: 0
  m_FillCenter: 1
  m_FillMethod: 4
  m_FillAmount: 1
  m_FillClockwise: 1
  m_FillOrigin: 0
--- !u!1 &1740013382634347
GameObject:
  serializedVersion: 5
  m_Component:
  - component: {fileID: 224127364343506165}
  m_Layer: 9
  m_Name: Tweens
  m_TagString: Untagged
  m_Icon: {fileID: 0}
  m_NavMeshLayer: 0
  m_StaticEditorFlags: 0
  m_IsActive: 1
--- !u!224 &224127364343506165
RectTransform:
  m_GameObject: {fileID: 1740013382634347}
  m_LocalRotation: {x: 0, y: 0, z: 0, w: 1}
  m_LocalPosition: {x: 0, y: 5.960464E-06, z: 0}
  m_LocalScale: {x: 1.0001, y: 1.0001, z: 1.0001}
  m_Children:
  - {fileID: 224984931156255919}
  - {fileID: 224859683473985654}
  - {fileID: 224959296039493586}
  - {fileID: 224702624545383823}
  m_Father: {fileID: 224156936691730923}
  m_RootOrder: 3
  m_LocalEulerAnglesHint: {x: 0, y: 0, z: 0}
  m_AnchorMin: {x: 0, y: 0}
  m_AnchorMax: {x: 1, y: 1}
  m_AnchoredPosition: {x: 0, y: 5.960464E-06}
  m_SizeDelta: {x: 0, y: 0}
  m_Pivot: {x: 0.5, y: 0.5}
--- !u!1 &1941989724307427
GameObject:
  serializedVersion: 5
  m_Component:
  - component: {fileID: 224984931156255919}
  - component: {fileID: 114138001411703167}
  m_Layer: 9
  m_Name: TweenMusic
  m_TagString: Untagged
  m_Icon: {fileID: 0}
  m_NavMeshLayer: 0
  m_StaticEditorFlags: 0
  m_IsActive: 1
--- !u!224 &224984931156255919
RectTransform:
  m_GameObject: {fileID: 1941989724307427}
  m_LocalRotation: {x: 0, y: 0, z: 0, w: 1}
  m_LocalPosition: {x: 0, y: 7.629395E-06, z: 0}
  m_LocalScale: {x: 0.9999, y: 0.9999, z: 0.9999}
  m_Children: []
  m_Father: {fileID: 224127364343506165}
  m_RootOrder: 0
  m_LocalEulerAnglesHint: {x: 0, y: 0, z: 0}
  m_AnchorMin: {x: 0.5, y: 0.5}
  m_AnchorMax: {x: 0.5, y: 0.5}
  m_AnchoredPosition: {x: 0, y: 5.960464E-06}
  m_SizeDelta: {x: 100, y: 100}
  m_Pivot: {x: 0.5, y: 0.5}
--- !u!114 &114138001411703167
MonoBehaviour:
  m_GameObject: {fileID: 1941989724307427}
  m_Enabled: 1
  m_EditorHideFlags: 0
  m_Script: {fileID: 11500000, guid: 225b25f707642af4ca04feac401f7df6, type: 3}
  m_Name:
  m_EditorClassIdentifier:
  playDelaySecs: 0
  toggleMusicOnPlay: 0
  target: {fileID: 82429084622003350}
  autoPlay: 0
--- !u!1 &1406361894579944
GameObject:
  serializedVersion: 5
  m_Component:
  - component: {fileID: 224859683473985654}
  - component: {fileID: 114897599790932311}
  - component: {fileID: 114560282341055873}
  m_Layer: 9
  m_Name: TweenPanel01
  m_TagString: Untagged
  m_Icon: {fileID: 0}
  m_NavMeshLayer: 0
  m_StaticEditorFlags: 0
  m_IsActive: 1
--- !u!224 &224859683473985654
RectTransform:
  m_GameObject: {fileID: 1406361894579944}
  m_LocalRotation: {x: 0, y: 0, z: 0, w: 1}
  m_LocalPosition: {x: 0, y: 0, z: 0}
  m_LocalScale: {x: 1, y: 1, z: 1}
  m_Children: []
  m_Father: {fileID: 224127364343506165}
  m_RootOrder: 1
  m_LocalEulerAnglesHint: {x: 0, y: 0, z: 0}
  m_AnchorMin: {x: 0, y: 0}
  m_AnchorMax: {x: 1, y: 1}
  m_AnchoredPosition: {x: 0, y: 0}
  m_SizeDelta: {x: 0, y: 0}
  m_Pivot: {x: 0.5, y: 0.5}
--- !u!114 &114897599790932311
MonoBehaviour:
  m_GameObject: {fileID: 1406361894579944}
  m_Enabled: 1
  m_EditorHideFlags: 0
  m_Script: {fileID: 11500000, guid: 0e802a3787514fd45bc1e6e655c6906a, type: 3}
  m_Name:
  m_EditorClassIdentifier:
  label:
  tweenTarget: {fileID: 1821908200571995}
  tweenGroup: 0
  trigger: 0
  playDirection: 1
  resetOnPlay: 1
  ifDisabledOnPlay: 1
  disableWhenFinished: 0
  includeChildren: 1
  eventReceiver: {fileID: 0}
  callWhenFinished:
--- !u!114 &114560282341055873
MonoBehaviour:
  m_GameObject: {fileID: 1406361894579944}
  m_Enabled: 1
  m_EditorHideFlags: 0
  m_Script: {fileID: 11500000, guid: 952d3a17ec9181e45b3adeedec059117, type: 3}
  m_Name:
  m_EditorClassIdentifier:
  playDelaySecs: 0
  completionDelaySecs: 0
  skipPromptDelaySecs: 3.4
  reverse: 0
  waitForClick: 1
  target: {fileID: 0}
--- !u!1 &1266969314799513
GameObject:
  serializedVersion: 5
  m_Component:
  - component: {fileID: 224959296039493586}
  - component: {fileID: 114248773643550911}
  - component: {fileID: 114924637132556631}
  - component: {fileID: 114014620407242123}
  m_Layer: 9
  m_Name: TweenPanel02
  m_TagString: Untagged
  m_Icon: {fileID: 0}
  m_NavMeshLayer: 0
  m_StaticEditorFlags: 0
  m_IsActive: 1
--- !u!224 &224959296039493586
RectTransform:
  m_GameObject: {fileID: 1266969314799513}
  m_LocalRotation: {x: 0, y: 0, z: 0, w: 1}
  m_LocalPosition: {x: 0, y: -5.483627E-06, z: 0}
  m_LocalScale: {x: 1.0001, y: 1.0001, z: 1.0001}
  m_Children: []
  m_Father: {fileID: 224127364343506165}
  m_RootOrder: 2
  m_LocalEulerAnglesHint: {x: 0, y: 0, z: 0}
  m_AnchorMin: {x: 0, y: 0}
  m_AnchorMax: {x: 1, y: 1}
  m_AnchoredPosition: {x: 0, y: -5.483627E-06}
  m_SizeDelta: {x: 0, y: 0}
  m_Pivot: {x: 0.5, y: 0.5}
--- !u!114 &114248773643550911
MonoBehaviour:
  m_GameObject: {fileID: 1266969314799513}
  m_Enabled: 1
  m_EditorHideFlags: 0
  m_Script: {fileID: 11500000, guid: 0e802a3787514fd45bc1e6e655c6906a, type: 3}
  m_Name:
  m_EditorClassIdentifier:
  label:
  tweenTarget: {fileID: 1821908200571995}
  tweenGroup: 0
  trigger: 0
  playDirection: 1
  resetOnPlay: 0
  ifDisabledOnPlay: 0
  disableWhenFinished: 1
  includeChildren: 0
  eventReceiver: {fileID: 0}
  callWhenFinished:
--- !u!114 &114924637132556631
MonoBehaviour:
  m_GameObject: {fileID: 1266969314799513}
  m_Enabled: 1
  m_EditorHideFlags: 0
  m_Script: {fileID: 11500000, guid: 0e802a3787514fd45bc1e6e655c6906a, type: 3}
  m_Name:
  m_EditorClassIdentifier:
  label:
  tweenTarget: {fileID: 1787823290839016}
  tweenGroup: 0
  trigger: 0
  playDirection: 1
  resetOnPlay: 1
  ifDisabledOnPlay: 1
  disableWhenFinished: 0
  includeChildren: 1
  eventReceiver: {fileID: 0}
  callWhenFinished:
--- !u!114 &114014620407242123
MonoBehaviour:
  m_GameObject: {fileID: 1266969314799513}
  m_Enabled: 1
  m_EditorHideFlags: 0
  m_Script: {fileID: 11500000, guid: 952d3a17ec9181e45b3adeedec059117, type: 3}
  m_Name:
  m_EditorClassIdentifier:
  playDelaySecs: 0
  completionDelaySecs: 0
  skipPromptDelaySecs: 1.5
  reverse: 0
  waitForClick: 1
  target: {fileID: 0}
--- !u!1 &1212807272923417
GameObject:
  serializedVersion: 5
  m_Component:
  - component: {fileID: 224702624545383823}
  - component: {fileID: 114996524889883144}
  - component: {fileID: 114420516398658647}
  - component: {fileID: 114808776091124735}
  m_Layer: 9
  m_Name: TweenPanel03
  m_TagString: Untagged
  m_Icon: {fileID: 0}
  m_NavMeshLayer: 0
  m_StaticEditorFlags: 0
  m_IsActive: 1
--- !u!224 &224702624545383823
RectTransform:
  m_GameObject: {fileID: 1212807272923417}
  m_LocalRotation: {x: 0, y: 0, z: 0, w: 1}
  m_LocalPosition: {x: 0, y: -5.483627E-06, z: 0}
  m_LocalScale: {x: 1.0001, y: 1.0001, z: 1.0001}
  m_Children: []
  m_Father: {fileID: 224127364343506165}
  m_RootOrder: 3
  m_LocalEulerAnglesHint: {x: 0, y: 0, z: 0}
  m_AnchorMin: {x: 0, y: 0}
  m_AnchorMax: {x: 1, y: 1}
  m_AnchoredPosition: {x: 0, y: -5.483627E-06}
  m_SizeDelta: {x: 0, y: 0}
  m_Pivot: {x: 0.5, y: 0.5}
--- !u!114 &114996524889883144
MonoBehaviour:
  m_GameObject: {fileID: 1212807272923417}
  m_Enabled: 1
  m_EditorHideFlags: 0
  m_Script: {fileID: 11500000, guid: 0e802a3787514fd45bc1e6e655c6906a, type: 3}
  m_Name:
  m_EditorClassIdentifier:
  label:
  tweenTarget: {fileID: 1787823290839016}
  tweenGroup: 0
  trigger: 0
  playDirection: 1
  resetOnPlay: 0
  ifDisabledOnPlay: 0
  disableWhenFinished: 1
  includeChildren: 0
  eventReceiver: {fileID: 0}
  callWhenFinished:
--- !u!114 &114420516398658647
MonoBehaviour:
  m_GameObject: {fileID: 1212807272923417}
  m_Enabled: 1
  m_EditorHideFlags: 0
  m_Script: {fileID: 11500000, guid: 0e802a3787514fd45bc1e6e655c6906a, type: 3}
  m_Name:
  m_EditorClassIdentifier:
  label:
  tweenTarget: {fileID: 1211278770501149}
  tweenGroup: 0
  trigger: 0
  playDirection: 1
  resetOnPlay: 1
  ifDisabledOnPlay: 1
  disableWhenFinished: 0
  includeChildren: 1
  eventReceiver: {fileID: 0}
  callWhenFinished:
--- !u!114 &114808776091124735
MonoBehaviour:
  m_GameObject: {fileID: 1212807272923417}
  m_Enabled: 1
  m_EditorHideFlags: 0
  m_Script: {fileID: 11500000, guid: 952d3a17ec9181e45b3adeedec059117, type: 3}
  m_Name:
  m_EditorClassIdentifier:
  playDelaySecs: 0
  completionDelaySecs: 0
  skipPromptDelaySecs: 1.6
  reverse: 0
  waitForClick: 1
  target: {fileID: 0}
--- !u!1 &1903542792944705
GameObject:
  serializedVersion: 5
  m_Component:
  - component: {fileID: 224358722720093305}
  - component: {fileID: 82429084622003350}
  m_Layer: 9
  m_Name: Music
  m_TagString: Untagged
  m_Icon: {fileID: 0}
  m_NavMeshLayer: 0
  m_StaticEditorFlags: 0
  m_IsActive: 1
--- !u!224 &224358722720093305
RectTransform:
  m_GameObject: {fileID: 1903542792944705}
  m_LocalRotation: {x: 0, y: 0, z: 0, w: 1}
  m_LocalPosition: {x: 0, y: 7.629395E-06, z: 0}
  m_LocalScale: {x: 1, y: 1, z: 1}
  m_Children: []
  m_Father: {fileID: 224156936691730923}
  m_RootOrder: 4
  m_LocalEulerAnglesHint: {x: 0, y: 0, z: 0}
  m_AnchorMin: {x: 0.5, y: 0.5}
  m_AnchorMax: {x: 0.5, y: 0.5}
  m_AnchoredPosition: {x: 0, y: 5.960464E-06}
  m_SizeDelta: {x: 100, y: 100}
  m_Pivot: {x: 0.5, y: 0.5}
--- !u!82 &82429084622003350
AudioSource:
  m_GameObject: {fileID: 1903542792944705}
  m_Enabled: 1
  serializedVersion: 4
  OutputAudioMixerGroup: {fileID: 0}
  m_audioClip: {fileID: 8300000, guid: bb00b5fe1e9a79a4fbcf558becad657d, type: 3}
  m_PlayOnAwake: 0
  m_Volume: 1
  m_Pitch: 1
  Loop: 1
  Mute: 0
  Spatialize: 0
  SpatializePostEffects: 0
  Priority: 128
  DopplerLevel: 1
  MinDistance: 1
  MaxDistance: 500
  Pan2D: 0
  rolloffMode: 0
  BypassEffects: 0
  BypassListenerEffects: 0
  BypassReverbZones: 0
  rolloffCustomCurve:
    serializedVersion: 2
    m_Curve:
    - serializedVersion: 2
      time: 0
      value: 1
      inSlope: 0
      outSlope: 0
      tangentMode: 0
    - serializedVersion: 2
      time: 1
      value: 0
      inSlope: 0
      outSlope: 0
      tangentMode: 0
    m_PreInfinity: 2
    m_PostInfinity: 2
    m_RotationOrder: 0
  panLevelCustomCurve:
    serializedVersion: 2
    m_Curve:
    - serializedVersion: 2
      time: 0
      value: 0
      inSlope: 0
      outSlope: 0
      tangentMode: 0
    m_PreInfinity: 2
    m_PostInfinity: 2
    m_RotationOrder: 0
  spreadCustomCurve:
    serializedVersion: 2
    m_Curve:
    - serializedVersion: 2
      time: 0
      value: 0
      inSlope: 0
      outSlope: 0
      tangentMode: 0
    m_PreInfinity: 2
    m_PostInfinity: 2
    m_RotationOrder: 0
  reverbZoneMixCustomCurve:
    serializedVersion: 2
    m_Curve:
    - serializedVersion: 2
      time: 0
      value: 0
      inSlope: 0
      outSlope: 0
      tangentMode: 0
    m_PreInfinity: 2
    m_PostInfinity: 2
    m_RotationOrder: 0
