%YAML 1.1
%TAG !u! tag:unity3d.com,2011:
--- !u!1001 &100100000
Prefab:
  serializedVersion: 2
  m_Modification:
    m_TransformParent: {fileID: 0}
    m_Modifications: []
    m_RemovedComponents: []
  m_ParentPrefab: {fileID: 0}
  m_RootGameObject: {fileID: 1027143201598644}
  m_IsPrefabParent: 1
--- !u!1 &1027143201598644
GameObject:
  serializedVersion: 5
  m_Component:
  - component: {fileID: 224109291623420325}
  - component: {fileID: 114574161372636462}
  m_Layer: 9
  m_Name: NisVD5D
  m_TagString: Untagged
  m_Icon: {fileID: 0}
  m_NavMeshLayer: 0
  m_StaticEditorFlags: 0
  m_IsActive: 1
--- !u!224 &224109291623420325
RectTransform:
  m_GameObject: {fileID: 1027143201598644}
  m_LocalRotation: {x: 0, y: 0, z: 0, w: 1}
  m_LocalPosition: {x: 0, y: 6.079674E-06, z: 0}
  m_LocalScale: {x: 1.0001, y: 1.0001, z: 1.0001}
  m_Children:
  - {fileID: 224902570049080573}
  - {fileID: 224405762149812864}
  m_Father: {fileID: 0}
  m_RootOrder: 0
  m_LocalEulerAnglesHint: {x: 0, y: 0, z: 0}
  m_AnchorMin: {x: 0, y: 0}
  m_AnchorMax: {x: 1, y: 1}
  m_AnchoredPosition: {x: 0, y: 6.079674E-06}
  m_SizeDelta: {x: 0, y: 0}
  m_Pivot: {x: 0.5, y: 0.5}
--- !u!114 &114574161372636462
MonoBehaviour:
  m_GameObject: {fileID: 1027143201598644}
  m_Enabled: 1
  m_EditorHideFlags: 0
  m_Script: {fileID: 11500000, guid: 1a2281920c06d55408852a51f2dffbad, type: 3}
  m_Name:
  m_EditorClassIdentifier:
  segments:
  - {fileID: 114192035299997020}
  - {fileID: 114573817435525397}
  - {fileID: 0}
  - {fileID: 0}
  - {fileID: 0}
  inputProxy: {fileID: 0}
  manageInputProxy: 0
  skipPromptDelaySecs: 0
--- !u!1 &1523803998432815
GameObject:
  serializedVersion: 5
  m_Component:
  - component: {fileID: 224902570049080573}
  m_Layer: 9
  m_Name: Panel01
  m_TagString: Untagged
  m_Icon: {fileID: 0}
  m_NavMeshLayer: 0
  m_StaticEditorFlags: 0
  m_IsActive: 1
--- !u!224 &224902570049080573
RectTransform:
  m_GameObject: {fileID: 1523803998432815}
  m_LocalRotation: {x: 0, y: 0, z: 0, w: 1}
  m_LocalPosition: {x: 0, y: 0, z: 0}
  m_LocalScale: {x: 1, y: 1, z: 1}
  m_Children:
  - {fileID: 224206995868810443}
  m_Father: {fileID: 224109291623420325}
  m_RootOrder: 0
  m_LocalEulerAnglesHint: {x: 0, y: 0, z: 0}
  m_AnchorMin: {x: 0, y: 0}
  m_AnchorMax: {x: 1, y: 1}
  m_AnchoredPosition: {x: 0, y: 0}
  m_SizeDelta: {x: 0, y: 0}
  m_Pivot: {x: 0.5, y: 0.5}
--- !u!1 &1534858623091414
GameObject:
  serializedVersion: 5
  m_Component:
  - component: {fileID: 224206995868810443}
  - component: {fileID: 222342715509340928}
  - component: {fileID: 114492582943370506}
  m_Layer: 9
  m_Name: UI
  m_TagString: Untagged
  m_Icon: {fileID: 0}
  m_NavMeshLayer: 0
  m_StaticEditorFlags: 0
  m_IsActive: 1
--- !u!224 &224206995868810443
RectTransform:
  m_GameObject: {fileID: 1534858623091414}
  m_LocalRotation: {x: 0, y: 0, z: 0, w: 1}
  m_LocalPosition: {x: 0, y: 0, z: 0}
  m_LocalScale: {x: 0.9999999, y: 0.9999999, z: 0.9999999}
  m_Children:
  - {fileID: 224611193778217282}
  - {fileID: 224787810938994749}
  - {fileID: 224958754001409410}
  - {fileID: 224830837324732290}
  - {fileID: 224894813779287450}
  - {fileID: 224085509305739358}
  - {fileID: 224084869880224960}
  - {fileID: 224409768080126363}
  - {fileID: 224945241461898021}
  - {fileID: 224054706400999441}
  m_Father: {fileID: 224902570049080573}
  m_RootOrder: 0
  m_LocalEulerAnglesHint: {x: 0, y: 0, z: 0}
  m_AnchorMin: {x: 0, y: 0}
  m_AnchorMax: {x: 1, y: 1}
  m_AnchoredPosition: {x: 0, y: 0}
  m_SizeDelta: {x: 0, y: 0}
  m_Pivot: {x: 0.5, y: 0.5}
--- !u!222 &222342715509340928
CanvasRenderer:
  m_GameObject: {fileID: 1534858623091414}
--- !u!114 &114492582943370506
MonoBehaviour:
  m_GameObject: {fileID: 1534858623091414}
  m_Enabled: 1
  m_EditorHideFlags: 0
  m_Script: {fileID: -765806418, guid: f70555f144d8491a825f0804e09c671c, type: 3}
  m_Name:
  m_EditorClassIdentifier:
  m_Material: {fileID: 0}
  m_Color: {r: 1, g: 1, b: 1, a: 1}
  m_RaycastTarget: 1
  m_OnCullStateChanged:
    m_PersistentCalls:
      m_Calls: []
    m_TypeName: UnityEngine.UI.MaskableGraphic+CullStateChangedEvent, UnityEngine.UI, Version=1.0.0.0, Culture=neutral, PublicKeyToken=null
  m_Sprite: {fileID: 0}
  m_Type: 1
  m_PreserveAspect: 0
  m_FillCenter: 1
  m_FillMethod: 4
  m_FillAmount: 1
  m_FillClockwise: 1
  m_FillOrigin: 0
--- !u!1 &1334657446877994
GameObject:
  serializedVersion: 5
  m_Component:
  - component: {fileID: 224611193778217282}
  - component: {fileID: 222397341474232041}
  - component: {fileID: 114497910624238969}
  m_Layer: 9
  m_Name: BottomStrip
  m_TagString: Untagged
  m_Icon: {fileID: 0}
  m_NavMeshLayer: 0
  m_StaticEditorFlags: 0
  m_IsActive: 1
--- !u!224 &224611193778217282
RectTransform:
  m_GameObject: {fileID: 1334657446877994}
  m_LocalRotation: {x: 0, y: 0, z: 0, w: 1}
  m_LocalPosition: {x: 0, y: -178, z: 0}
  m_LocalScale: {x: 0.9999999, y: 0.9999999, z: 0.9999999}
  m_Children: []
  m_Father: {fileID: 224206995868810443}
  m_RootOrder: 0
  m_LocalEulerAnglesHint: {x: 0, y: 0, z: 0}
  m_AnchorMin: {x: 0, y: 0}
  m_AnchorMax: {x: 1, y: 1}
  m_AnchoredPosition: {x: 0, y: -178}
  m_SizeDelta: {x: 0, y: -356}
  m_Pivot: {x: 0.5, y: 0.5}
--- !u!222 &222397341474232041
CanvasRenderer:
  m_GameObject: {fileID: 1334657446877994}
--- !u!114 &114497910624238969
MonoBehaviour:
  m_GameObject: {fileID: 1334657446877994}
  m_Enabled: 1
  m_EditorHideFlags: 0
  m_Script: {fileID: -765806418, guid: f70555f144d8491a825f0804e09c671c, type: 3}
  m_Name:
  m_EditorClassIdentifier:
  m_Material: {fileID: 0}
  m_Color: {r: 0.4117647, g: 0.5647059, b: 0.854902, a: 1}
  m_RaycastTarget: 1
  m_OnCullStateChanged:
    m_PersistentCalls:
      m_Calls: []
    m_TypeName: UnityEngine.UI.MaskableGraphic+CullStateChangedEvent, UnityEngine.UI, Version=1.0.0.0, Culture=neutral, PublicKeyToken=null
  m_Sprite: {fileID: 21300000, guid: ba0f319cf17a5c94582830683c6d2078, type: 3}
  m_Type: 1
  m_PreserveAspect: 0
  m_FillCenter: 1
  m_FillMethod: 4
  m_FillAmount: 1
  m_FillClockwise: 1
  m_FillOrigin: 0
--- !u!1 &1325233195831598
GameObject:
  serializedVersion: 5
  m_Component:
  - component: {fileID: 224787810938994749}
  - component: {fileID: 222298268771594689}
  - component: {fileID: 114067747076375739}
  - component: {fileID: 114070843371981743}
  m_Layer: 9
  m_Name: MiddleStrip
  m_TagString: Untagged
  m_Icon: {fileID: 0}
  m_NavMeshLayer: 0
  m_StaticEditorFlags: 0
  m_IsActive: 1
--- !u!224 &224787810938994749
RectTransform:
  m_GameObject: {fileID: 1325233195831598}
  m_LocalRotation: {x: 0, y: 0, z: 0, w: 1}
  m_LocalPosition: {x: 0, y: 0, z: 0}
  m_LocalScale: {x: 1, y: 1, z: 1}
  m_Children: []
  m_Father: {fileID: 224206995868810443}
  m_RootOrder: 1
  m_LocalEulerAnglesHint: {x: 0, y: 0, z: 0}
  m_AnchorMin: {x: 0, y: 0}
  m_AnchorMax: {x: 1, y: 1}
  m_AnchoredPosition: {x: 0, y: -3.814697E-06}
  m_SizeDelta: {x: 0, y: -642}
  m_Pivot: {x: 0.5, y: 0.5}
--- !u!222 &222298268771594689
CanvasRenderer:
  m_GameObject: {fileID: 1325233195831598}
--- !u!114 &114067747076375739
MonoBehaviour:
  m_GameObject: {fileID: 1325233195831598}
  m_Enabled: 1
  m_EditorHideFlags: 0
  m_Script: {fileID: -765806418, guid: f70555f144d8491a825f0804e09c671c, type: 3}
  m_Name:
  m_EditorClassIdentifier:
  m_Material: {fileID: 0}
  m_Color: {r: 0.6705883, g: 0.9137255, b: 1, a: 1}
  m_RaycastTarget: 1
  m_OnCullStateChanged:
    m_PersistentCalls:
      m_Calls: []
    m_TypeName: UnityEngine.UI.MaskableGraphic+CullStateChangedEvent, UnityEngine.UI, Version=1.0.0.0, Culture=neutral, PublicKeyToken=null
  m_Sprite: {fileID: 0}
  m_Type: 1
  m_PreserveAspect: 0
  m_FillCenter: 1
  m_FillMethod: 4
  m_FillAmount: 1
  m_FillClockwise: 1
  m_FillOrigin: 0
--- !u!114 &114070843371981743
MonoBehaviour:
  m_GameObject: {fileID: 1325233195831598}
  m_Enabled: 1
  m_EditorHideFlags: 0
  m_Script: {fileID: 1573420865, guid: f70555f144d8491a825f0804e09c671c, type: 3}
  m_Name:
  m_EditorClassIdentifier:
  m_EffectColor: {r: 0, g: 0, b: 0, a: 0.1529412}
  m_EffectDistance: {x: 0, y: -10}
  m_UseGraphicAlpha: 1
--- !u!1 &1438097386247124
GameObject:
  serializedVersion: 5
  m_Component:
  - component: {fileID: 224958754001409410}
  m_Layer: 9
  m_Name: Panel
  m_TagString: Untagged
  m_Icon: {fileID: 0}
  m_NavMeshLayer: 0
  m_StaticEditorFlags: 0
  m_IsActive: 1
--- !u!224 &224958754001409410
RectTransform:
  m_GameObject: {fileID: 1438097386247124}
  m_LocalRotation: {x: 0, y: 0, z: 0, w: 1}
  m_LocalPosition: {x: 0, y: 160, z: 0}
  m_LocalScale: {x: 1, y: 1, z: 1}
  m_Children:
  - {fileID: 224880035267060542}
  m_Father: {fileID: 224206995868810443}
  m_RootOrder: 2
  m_LocalEulerAnglesHint: {x: 0, y: 0, z: 0}
  m_AnchorMin: {x: 0.5, y: 0.5}
  m_AnchorMax: {x: 0.5, y: 0.5}
  m_AnchoredPosition: {x: 0, y: 160}
  m_SizeDelta: {x: 0, y: 0}
  m_Pivot: {x: 0.5, y: 0.5}
--- !u!1 &1879382346809832
GameObject:
  serializedVersion: 5
  m_Component:
  - component: {fileID: 224880035267060542}
  - component: {fileID: 222594130709946314}
  - component: {fileID: 114095858296724675}
  - component: {fileID: 114059884782282156}
  m_Layer: 9
  m_Name: InsideMask
  m_TagString: Untagged
  m_Icon: {fileID: 0}
  m_NavMeshLayer: 0
  m_StaticEditorFlags: 0
  m_IsActive: 1
--- !u!224 &224880035267060542
RectTransform:
  m_GameObject: {fileID: 1879382346809832}
  m_LocalRotation: {x: 0, y: 0, z: 0, w: 1}
  m_LocalPosition: {x: 0, y: 0, z: 0}
  m_LocalScale: {x: 1, y: 1, z: 1}
  m_Children:
  - {fileID: 224951828356279252}
  m_Father: {fileID: 224958754001409410}
  m_RootOrder: 0
  m_LocalEulerAnglesHint: {x: 0, y: 0, z: 0}
  m_AnchorMin: {x: 0.5, y: 0.5}
  m_AnchorMax: {x: 0.5, y: 0.5}
  m_AnchoredPosition: {x: 0, y: 0}
  m_SizeDelta: {x: 896, y: 384}
  m_Pivot: {x: 0.5, y: 0.5}
--- !u!222 &222594130709946314
CanvasRenderer:
  m_GameObject: {fileID: 1879382346809832}
--- !u!114 &114095858296724675
MonoBehaviour:
  m_GameObject: {fileID: 1879382346809832}
  m_Enabled: 1
  m_EditorHideFlags: 0
  m_Script: {fileID: -765806418, guid: f70555f144d8491a825f0804e09c671c, type: 3}
  m_Name:
  m_EditorClassIdentifier:
  m_Material: {fileID: 0}
  m_Color: {r: 1, g: 0, b: 0, a: 1}
  m_RaycastTarget: 1
  m_OnCullStateChanged:
    m_PersistentCalls:
      m_Calls: []
    m_TypeName: UnityEngine.UI.MaskableGraphic+CullStateChangedEvent, UnityEngine.UI, Version=1.0.0.0, Culture=neutral, PublicKeyToken=null
  m_Sprite: {fileID: 0}
  m_Type: 1
  m_PreserveAspect: 0
  m_FillCenter: 1
  m_FillMethod: 4
  m_FillAmount: 1
  m_FillClockwise: 1
  m_FillOrigin: 0
--- !u!114 &114059884782282156
MonoBehaviour:
  m_GameObject: {fileID: 1879382346809832}
  m_Enabled: 1
  m_EditorHideFlags: 0
  m_Script: {fileID: -1200242548, guid: f70555f144d8491a825f0804e09c671c, type: 3}
  m_Name:
  m_EditorClassIdentifier:
  m_ShowMaskGraphic: 0
--- !u!1 &1217690667538844
GameObject:
  serializedVersion: 5
  m_Component:
  - component: {fileID: 224951828356279252}
  - component: {fileID: 222977637187520182}
  - component: {fileID: 114146243017899073}
  m_Layer: 9
  m_Name: Background 1
  m_TagString: Untagged
  m_Icon: {fileID: 0}
  m_NavMeshLayer: 0
  m_StaticEditorFlags: 0
  m_IsActive: 1
--- !u!224 &224951828356279252
RectTransform:
  m_GameObject: {fileID: 1217690667538844}
  m_LocalRotation: {x: 0, y: 0, z: 0, w: 1}
  m_LocalPosition: {x: -4, y: -8, z: 0}
  m_LocalScale: {x: 1, y: 1, z: 1}
  m_Children: []
  m_Father: {fileID: 224880035267060542}
  m_RootOrder: 0
  m_LocalEulerAnglesHint: {x: 0, y: 0, z: 0}
  m_AnchorMin: {x: 0.5, y: 0.5}
  m_AnchorMax: {x: 0.5, y: 0.5}
  m_AnchoredPosition: {x: -4, y: -8}
  m_SizeDelta: {x: 913, y: 522}
  m_Pivot: {x: 0.5, y: 0.5}
--- !u!222 &222977637187520182
CanvasRenderer:
  m_GameObject: {fileID: 1217690667538844}
--- !u!114 &114146243017899073
MonoBehaviour:
  m_GameObject: {fileID: 1217690667538844}
  m_Enabled: 1
  m_EditorHideFlags: 0
  m_Script: {fileID: -765806418, guid: f70555f144d8491a825f0804e09c671c, type: 3}
  m_Name:
  m_EditorClassIdentifier:
  m_Material: {fileID: 0}
  m_Color: {r: 1, g: 1, b: 1, a: 1}
  m_RaycastTarget: 1
  m_OnCullStateChanged:
    m_PersistentCalls:
      m_Calls: []
    m_TypeName: UnityEngine.UI.MaskableGraphic+CullStateChangedEvent, UnityEngine.UI, Version=1.0.0.0, Culture=neutral, PublicKeyToken=null
  m_Sprite: {fileID: 21300000, guid: 12ca2688fdfe54945a98d8e5e46539fb, type: 3}
  m_Type: 0
  m_PreserveAspect: 1
  m_FillCenter: 1
  m_FillMethod: 4
  m_FillAmount: 1
  m_FillClockwise: 1
  m_FillOrigin: 0
--- !u!1 &1532664556155780
GameObject:
  serializedVersion: 5
  m_Component:
  - component: {fileID: 224830837324732290}
  - component: {fileID: 222328675981178510}
  - component: {fileID: 114345012095664537}
  m_Layer: 9
  m_Name: Border
  m_TagString: Untagged
  m_Icon: {fileID: 0}
  m_NavMeshLayer: 0
  m_StaticEditorFlags: 0
  m_IsActive: 1
--- !u!224 &224830837324732290
RectTransform:
  m_GameObject: {fileID: 1532664556155780}
  m_LocalRotation: {x: 0, y: 0, z: 0, w: 1}
  m_LocalPosition: {x: 0, y: 160, z: 0}
  m_LocalScale: {x: 1, y: 1, z: 1}
  m_Children: []
  m_Father: {fileID: 224206995868810443}
  m_RootOrder: 3
  m_LocalEulerAnglesHint: {x: 0, y: 0, z: 0}
  m_AnchorMin: {x: 0.5, y: 0.5}
  m_AnchorMax: {x: 0.5, y: 0.5}
  m_AnchoredPosition: {x: 0, y: 160}
  m_SizeDelta: {x: 902, y: 390}
  m_Pivot: {x: 0.5, y: 0.5}
--- !u!222 &222328675981178510
CanvasRenderer:
  m_GameObject: {fileID: 1532664556155780}
--- !u!114 &114345012095664537
MonoBehaviour:
  m_GameObject: {fileID: 1532664556155780}
  m_Enabled: 1
  m_EditorHideFlags: 0
  m_Script: {fileID: -765806418, guid: f70555f144d8491a825f0804e09c671c, type: 3}
  m_Name:
  m_EditorClassIdentifier:
  m_Material: {fileID: 0}
  m_Color: {r: 1, g: 1, b: 1, a: 1}
  m_RaycastTarget: 1
  m_OnCullStateChanged:
    m_PersistentCalls:
      m_Calls: []
    m_TypeName: UnityEngine.UI.MaskableGraphic+CullStateChangedEvent, UnityEngine.UI, Version=1.0.0.0, Culture=neutral, PublicKeyToken=null
  m_Sprite: {fileID: 21300004, guid: 12ca2688fdfe54945a98d8e5e46539fb, type: 3}
  m_Type: 1
  m_PreserveAspect: 0
  m_FillCenter: 1
  m_FillMethod: 4
  m_FillAmount: 1
  m_FillClockwise: 1
  m_FillOrigin: 0
--- !u!1 &1957021288429702
GameObject:
  serializedVersion: 5
  m_Component:
  - component: {fileID: 224894813779287450}
  - component: {fileID: 222174127373711398}
  - component: {fileID: 114711346425460823}
  - component: {fileID: 114389925568217931}
  - component: {fileID: 114788955140061906}
  m_Layer: 9
  m_Name: Border 1
  m_TagString: Untagged
  m_Icon: {fileID: 0}
  m_NavMeshLayer: 0
  m_StaticEditorFlags: 0
  m_IsActive: 1
--- !u!224 &224894813779287450
RectTransform:
  m_GameObject: {fileID: 1957021288429702}
  m_LocalRotation: {x: 0, y: 0, z: 0, w: 1}
  m_LocalPosition: {x: 104, y: -100, z: 0}
  m_LocalScale: {x: 0.9999, y: 0.9999, z: 0.9999}
  m_Children: []
  m_Father: {fileID: 224206995868810443}
  m_RootOrder: 4
  m_LocalEulerAnglesHint: {x: 0, y: 0, z: 0}
  m_AnchorMin: {x: 0.5, y: 0.5}
  m_AnchorMax: {x: 0.5, y: 0.5}
  m_AnchoredPosition: {x: 104, y: -100}
  m_SizeDelta: {x: 209, y: 103}
  m_Pivot: {x: 0.5, y: 0.5}
--- !u!222 &222174127373711398
CanvasRenderer:
  m_GameObject: {fileID: 1957021288429702}
--- !u!114 &114711346425460823
MonoBehaviour:
  m_GameObject: {fileID: 1957021288429702}
  m_Enabled: 1
  m_EditorHideFlags: 0
  m_Script: {fileID: -765806418, guid: f70555f144d8491a825f0804e09c671c, type: 3}
  m_Name:
  m_EditorClassIdentifier:
  m_Material: {fileID: 0}
  m_Color: {r: 1, g: 1, b: 1, a: 0}
  m_RaycastTarget: 1
  m_OnCullStateChanged:
    m_PersistentCalls:
      m_Calls: []
    m_TypeName: UnityEngine.UI.MaskableGraphic+CullStateChangedEvent, UnityEngine.UI, Version=1.0.0.0, Culture=neutral, PublicKeyToken=null
  m_Sprite: {fileID: 21300002, guid: 12ca2688fdfe54945a98d8e5e46539fb, type: 3}
  m_Type: 1
  m_PreserveAspect: 0
  m_FillCenter: 1
  m_FillMethod: 4
  m_FillAmount: 1
  m_FillClockwise: 1
  m_FillOrigin: 0
--- !u!114 &114389925568217931
MonoBehaviour:
  m_GameObject: {fileID: 1957021288429702}
  m_Enabled: 1
  m_EditorHideFlags: 0
  m_Script: {fileID: 11500000, guid: a7462a6f86a1293479f96c611435dc98, type: 3}
  m_Name:
  m_EditorClassIdentifier:
  label:
  method: 0
  style: 0
  animationCurve:
    serializedVersion: 2
    m_Curve:
    - serializedVersion: 2
      time: 0
      value: 0
      inSlope: 0
      outSlope: 1
      tangentMode: 0
    - serializedVersion: 2
      time: 1
      value: 1
      inSlope: 1
      outSlope: 0
      tangentMode: 0
    m_PreInfinity: 2
    m_PostInfinity: 2
    m_RotationOrder: 0
  ignoreTimeScale: 1
  delay: 1.5
  duration: 0.2
  steeperCurves: 0
  tweenGroup: 0
  DisableInputWhileTweening: 0
  eventReceiver: {fileID: 0}
  callWhenFinished:
  from: 0
  to: 1
--- !u!114 &114788955140061906
MonoBehaviour:
  m_GameObject: {fileID: 1957021288429702}
  m_Enabled: 1
  m_EditorHideFlags: 0
  m_Script: {fileID: 11500000, guid: a7462a6f86a1293479f96c611435dc98, type: 3}
  m_Name:
  m_EditorClassIdentifier:
  label:
  method: 0
  style: 0
  animationCurve:
    serializedVersion: 2
    m_Curve:
    - serializedVersion: 2
      time: 0
      value: 0
      inSlope: 0
      outSlope: 1
      tangentMode: 0
    - serializedVersion: 2
      time: 1
      value: 1
      inSlope: 1
      outSlope: 0
      tangentMode: 0
    m_PreInfinity: 2
    m_PostInfinity: 2
    m_RotationOrder: 0
  ignoreTimeScale: 1
  delay: 2.5
  duration: 0.2
  steeperCurves: 0
  tweenGroup: 0
  DisableInputWhileTweening: 0
  eventReceiver: {fileID: 0}
  callWhenFinished:
  from: 1
  to: 0
--- !u!1 &1741423231699195
GameObject:
  serializedVersion: 5
  m_Component:
  - component: {fileID: 224085509305739358}
  - component: {fileID: 222402740053587667}
  - component: {fileID: 114533307900293385}
  - component: {fileID: 114418568253685551}
  - component: {fileID: 114895392096404982}
  - component: {fileID: 114433167322810557}
  m_Layer: 0
  m_Name: CakeName
  m_TagString: Untagged
  m_Icon: {fileID: 0}
  m_NavMeshLayer: 0
  m_StaticEditorFlags: 0
  m_IsActive: 1
--- !u!224 &224085509305739358
RectTransform:
  m_GameObject: {fileID: 1741423231699195}
  m_LocalRotation: {x: 0, y: 0, z: 0, w: 1}
  m_LocalPosition: {x: 104, y: -82.9, z: 0}
  m_LocalScale: {x: 1.0001, y: 1.0001, z: 1.0001}
  m_Children: []
  m_Father: {fileID: 224206995868810443}
  m_RootOrder: 5
  m_LocalEulerAnglesHint: {x: 0, y: 0, z: 0}
  m_AnchorMin: {x: 0.5, y: 0.5}
  m_AnchorMax: {x: 0.5, y: 0.5}
  m_AnchoredPosition: {x: 104, y: -82.9}
  m_SizeDelta: {x: 189, y: 40}
  m_Pivot: {x: 0.5, y: 0.5}
--- !u!222 &222402740053587667
CanvasRenderer:
  m_GameObject: {fileID: 1741423231699195}
--- !u!114 &114533307900293385
MonoBehaviour:
  m_GameObject: {fileID: 1741423231699195}
  m_Enabled: 1
  m_EditorHideFlags: 0
  m_Script: {fileID: 708705254, guid: f70555f144d8491a825f0804e09c671c, type: 3}
  m_Name:
  m_EditorClassIdentifier:
  m_Material: {fileID: 0}
  m_Color: {r: 0.5882353, g: 0.5882353, b: 0.5882353, a: 0}
  m_RaycastTarget: 1
  m_OnCullStateChanged:
    m_PersistentCalls:
      m_Calls: []
    m_TypeName: UnityEngine.UI.MaskableGraphic+CullStateChangedEvent, UnityEngine.UI, Version=1.0.0.0, Culture=neutral, PublicKeyToken=null
  m_FontData:
    m_Font: {fileID: 12800000, guid: 5cddca35a8ee91743ba295b419db2196, type: 3}
    m_FontSize: 29
    m_FontStyle: 0
    m_BestFit: 1
    m_MinSize: 20
    m_MaxSize: 29
    m_Alignment: 0
    m_RichText: 1
    m_HorizontalOverflow: 0
    m_VerticalOverflow: 0
    m_LineSpacing: 1
  m_Text: '!!FC_NIS_CHAR_DIALOG_02'
--- !u!114 &114418568253685551
MonoBehaviour:
  m_GameObject: {fileID: 1741423231699195}
  m_Enabled: 1
  m_EditorHideFlags: 0
  m_Script: {fileID: 11500000, guid: 3dbabdb6cbf9d5244bcbe1436cfbf160, type: 3}
  m_Name:
  m_EditorClassIdentifier:
--- !u!114 &114895392096404982
MonoBehaviour:
  m_GameObject: {fileID: 1741423231699195}
  m_Enabled: 1
  m_EditorHideFlags: 0
  m_Script: {fileID: 11500000, guid: a7462a6f86a1293479f96c611435dc98, type: 3}
  m_Name:
  m_EditorClassIdentifier:
  label:
  method: 0
  style: 0
  animationCurve:
    serializedVersion: 2
    m_Curve:
    - serializedVersion: 2
      time: 0
      value: 0
      inSlope: 0
      outSlope: 1
      tangentMode: 0
    - serializedVersion: 2
      time: 1
      value: 1
      inSlope: 1
      outSlope: 0
      tangentMode: 0
    m_PreInfinity: 2
    m_PostInfinity: 2
    m_RotationOrder: 0
  ignoreTimeScale: 1
  delay: 1.6
  duration: 0.2
  steeperCurves: 0
  tweenGroup: 0
  DisableInputWhileTweening: 0
  eventReceiver: {fileID: 0}
  callWhenFinished:
  from: 0
  to: 1
--- !u!114 &114433167322810557
MonoBehaviour:
  m_GameObject: {fileID: 1741423231699195}
  m_Enabled: 1
  m_EditorHideFlags: 0
  m_Script: {fileID: 11500000, guid: a7462a6f86a1293479f96c611435dc98, type: 3}
  m_Name:
  m_EditorClassIdentifier:
  label:
  method: 0
  style: 0
  animationCurve:
    serializedVersion: 2
    m_Curve:
    - serializedVersion: 2
      time: 0
      value: 0
      inSlope: 0
      outSlope: 1
      tangentMode: 0
    - serializedVersion: 2
      time: 1
      value: 1
      inSlope: 1
      outSlope: 0
      tangentMode: 0
    m_PreInfinity: 2
    m_PostInfinity: 2
    m_RotationOrder: 0
  ignoreTimeScale: 1
  delay: 2.4
  duration: 0.2
  steeperCurves: 0
  tweenGroup: 0
  DisableInputWhileTweening: 0
  eventReceiver: {fileID: 0}
  callWhenFinished:
  from: 1
  to: 0
--- !u!1 &1490113184658221
GameObject:
  serializedVersion: 5
  m_Component:
  - component: {fileID: 224084869880224960}
  - component: {fileID: 222106550554735552}
  - component: {fileID: 114281335221192730}
  - component: {fileID: 114694166912591665}
  - component: {fileID: 114941484002744367}
  - component: {fileID: 114088356338430959}
  m_Layer: 0
  m_Name: CakeText
  m_TagString: Untagged
  m_Icon: {fileID: 0}
  m_NavMeshLayer: 0
  m_StaticEditorFlags: 0
  m_IsActive: 1
--- !u!224 &224084869880224960
RectTransform:
  m_GameObject: {fileID: 1490113184658221}
  m_LocalRotation: {x: 0, y: 0, z: 0, w: 1}
  m_LocalPosition: {x: 104, y: -122.68, z: 0}
  m_LocalScale: {x: 1, y: 1, z: 1}
  m_Children: []
  m_Father: {fileID: 224206995868810443}
  m_RootOrder: 6
  m_LocalEulerAnglesHint: {x: 0, y: 0, z: 0}
  m_AnchorMin: {x: 0.5, y: 0.5}
  m_AnchorMax: {x: 0.5, y: 0.5}
  m_AnchoredPosition: {x: 104, y: -122.68}
  m_SizeDelta: {x: 188, y: 40}
  m_Pivot: {x: 0.5, y: 0.5}
--- !u!222 &222106550554735552
CanvasRenderer:
  m_GameObject: {fileID: 1490113184658221}
--- !u!114 &114281335221192730
MonoBehaviour:
  m_GameObject: {fileID: 1490113184658221}
  m_Enabled: 1
  m_EditorHideFlags: 0
  m_Script: {fileID: 708705254, guid: f70555f144d8491a825f0804e09c671c, type: 3}
  m_Name:
  m_EditorClassIdentifier:
  m_Material: {fileID: 0}
  m_Color: {r: 0.2431373, g: 0.2431373, b: 0.2470588, a: 0}
  m_RaycastTarget: 1
  m_OnCullStateChanged:
    m_PersistentCalls:
      m_Calls: []
    m_TypeName: UnityEngine.UI.MaskableGraphic+CullStateChangedEvent, UnityEngine.UI, Version=1.0.0.0, Culture=neutral, PublicKeyToken=null
  m_FontData:
    m_Font: {fileID: 12800000, guid: 5cddca35a8ee91743ba295b419db2196, type: 3}
    m_FontSize: 30
    m_FontStyle: 0
    m_BestFit: 1
    m_MinSize: 20
    m_MaxSize: 30
    m_Alignment: 0
    m_RichText: 1
    m_HorizontalOverflow: 0
    m_VerticalOverflow: 0
    m_LineSpacing: 1
  m_Text: '!!VD_NIS_08_DIALOG_1A'
--- !u!114 &114694166912591665
MonoBehaviour:
  m_GameObject: {fileID: 1490113184658221}
  m_Enabled: 1
  m_EditorHideFlags: 0
  m_Script: {fileID: 11500000, guid: 3dbabdb6cbf9d5244bcbe1436cfbf160, type: 3}
  m_Name:
  m_EditorClassIdentifier:
--- !u!114 &114941484002744367
MonoBehaviour:
  m_GameObject: {fileID: 1490113184658221}
  m_Enabled: 1
  m_EditorHideFlags: 0
  m_Script: {fileID: 11500000, guid: a7462a6f86a1293479f96c611435dc98, type: 3}
  m_Name:
  m_EditorClassIdentifier:
  label:
  method: 0
  style: 0
  animationCurve:
    serializedVersion: 2
    m_Curve:
    - serializedVersion: 2
      time: 0
      value: 0
      inSlope: 0
      outSlope: 1
      tangentMode: 0
    - serializedVersion: 2
      time: 1
      value: 1
      inSlope: 1
      outSlope: 0
      tangentMode: 0
    m_PreInfinity: 2
    m_PostInfinity: 2
    m_RotationOrder: 0
  ignoreTimeScale: 1
  delay: 1.6
  duration: 0.2
  steeperCurves: 0
  tweenGroup: 0
  DisableInputWhileTweening: 0
  eventReceiver: {fileID: 0}
  callWhenFinished:
  from: 0
  to: 1
--- !u!114 &114088356338430959
MonoBehaviour:
  m_GameObject: {fileID: 1490113184658221}
  m_Enabled: 1
  m_EditorHideFlags: 0
  m_Script: {fileID: 11500000, guid: a7462a6f86a1293479f96c611435dc98, type: 3}
  m_Name:
  m_EditorClassIdentifier:
  label:
  method: 0
  style: 0
  animationCurve:
    serializedVersion: 2
    m_Curve:
    - serializedVersion: 2
      time: 0
      value: 0
      inSlope: 0
      outSlope: 1
      tangentMode: 0
    - serializedVersion: 2
      time: 1
      value: 1
      inSlope: 1
      outSlope: 0
      tangentMode: 0
    m_PreInfinity: 2
    m_PostInfinity: 2
    m_RotationOrder: 0
  ignoreTimeScale: 1
  delay: 2.4
  duration: 0.2
  steeperCurves: 0
  tweenGroup: 0
  DisableInputWhileTweening: 0
  eventReceiver: {fileID: 0}
  callWhenFinished:
  from: 1
  to: 0
--- !u!1 &1479509276813844
GameObject:
  serializedVersion: 5
  m_Component:
  - component: {fileID: 224409768080126363}
  - component: {fileID: 222959843737097822}
  - component: {fileID: 114966194718933598}
  - component: {fileID: 114414703627515141}
  - component: {fileID: 114002784882659742}
  m_Layer: 9
  m_Name: Border 2
  m_TagString: Untagged
  m_Icon: {fileID: 0}
  m_NavMeshLayer: 0
  m_StaticEditorFlags: 0
  m_IsActive: 1
--- !u!224 &224409768080126363
RectTransform:
  m_GameObject: {fileID: 1479509276813844}
  m_LocalRotation: {x: 0, y: 0, z: 0, w: 1}
  m_LocalPosition: {x: -115, y: -173, z: 0}
  m_LocalScale: {x: 0.9999, y: 0.9999, z: 0.9999}
  m_Children: []
  m_Father: {fileID: 224206995868810443}
  m_RootOrder: 7
  m_LocalEulerAnglesHint: {x: 0, y: 0, z: 0}
  m_AnchorMin: {x: 0.5, y: 0.5}
  m_AnchorMax: {x: 0.5, y: 0.5}
  m_AnchoredPosition: {x: -115, y: -173}
  m_SizeDelta: {x: 183, y: 109}
  m_Pivot: {x: 0.5, y: 0.5}
--- !u!222 &222959843737097822
CanvasRenderer:
  m_GameObject: {fileID: 1479509276813844}
--- !u!114 &114966194718933598
MonoBehaviour:
  m_GameObject: {fileID: 1479509276813844}
  m_Enabled: 1
  m_EditorHideFlags: 0
  m_Script: {fileID: -765806418, guid: f70555f144d8491a825f0804e09c671c, type: 3}
  m_Name:
  m_EditorClassIdentifier:
  m_Material: {fileID: 0}
  m_Color: {r: 1, g: 1, b: 1, a: 0}
  m_RaycastTarget: 1
  m_OnCullStateChanged:
    m_PersistentCalls:
      m_Calls: []
    m_TypeName: UnityEngine.UI.MaskableGraphic+CullStateChangedEvent, UnityEngine.UI, Version=1.0.0.0, Culture=neutral, PublicKeyToken=null
  m_Sprite: {fileID: 21300002, guid: 12ca2688fdfe54945a98d8e5e46539fb, type: 3}
  m_Type: 1
  m_PreserveAspect: 0
  m_FillCenter: 1
  m_FillMethod: 4
  m_FillAmount: 1
  m_FillClockwise: 1
  m_FillOrigin: 0
--- !u!114 &114414703627515141
MonoBehaviour:
  m_GameObject: {fileID: 1479509276813844}
  m_Enabled: 1
  m_EditorHideFlags: 0
  m_Script: {fileID: 11500000, guid: a7462a6f86a1293479f96c611435dc98, type: 3}
  m_Name:
  m_EditorClassIdentifier:
  label:
  method: 0
  style: 0
  animationCurve:
    serializedVersion: 2
    m_Curve:
    - serializedVersion: 2
      time: 0
      value: 0
      inSlope: 0
      outSlope: 1
      tangentMode: 0
    - serializedVersion: 2
      time: 1
      value: 1
      inSlope: 1
      outSlope: 0
      tangentMode: 0
    m_PreInfinity: 2
    m_PostInfinity: 2
    m_RotationOrder: 0
  ignoreTimeScale: 1
  delay: 2.5
  duration: 0.2
  steeperCurves: 0
  tweenGroup: 0
  DisableInputWhileTweening: 0
  eventReceiver: {fileID: 0}
  callWhenFinished:
  from: 0
  to: 1
--- !u!114 &114002784882659742
MonoBehaviour:
  m_GameObject: {fileID: 1479509276813844}
  m_Enabled: 1
  m_EditorHideFlags: 0
  m_Script: {fileID: 11500000, guid: a7462a6f86a1293479f96c611435dc98, type: 3}
  m_Name:
  m_EditorClassIdentifier:
  label:
  method: 0
  style: 0
  animationCurve:
    serializedVersion: 2
    m_Curve:
    - serializedVersion: 2
      time: 0
      value: 0
      inSlope: 0
      outSlope: 1
      tangentMode: 0
    - serializedVersion: 2
      time: 1
      value: 1
      inSlope: 1
      outSlope: 0
      tangentMode: 0
    m_PreInfinity: 2
    m_PostInfinity: 2
    m_RotationOrder: 0
  ignoreTimeScale: 1
  delay: 4
  duration: 0.2
  steeperCurves: 0
  tweenGroup: 0
  DisableInputWhileTweening: 0
  eventReceiver: {fileID: 0}
  callWhenFinished:
  from: 1
  to: 0
--- !u!1 &1761178582343755
GameObject:
  serializedVersion: 5
  m_Component:
  - component: {fileID: 224945241461898021}
  - component: {fileID: 222339277737851026}
  - component: {fileID: 114841500640355809}
  - component: {fileID: 114576419886902104}
  - component: {fileID: 114733704498245512}
  - component: {fileID: 114267314475780329}
  m_Layer: 0
  m_Name: FionnaName
  m_TagString: Untagged
  m_Icon: {fileID: 0}
  m_NavMeshLayer: 0
  m_StaticEditorFlags: 0
  m_IsActive: 1
--- !u!224 &224945241461898021
RectTransform:
  m_GameObject: {fileID: 1761178582343755}
  m_LocalRotation: {x: 0, y: 0, z: 0, w: 1}
  m_LocalPosition: {x: -119, y: -153, z: 0}
  m_LocalScale: {x: 1, y: 1, z: 1}
  m_Children: []
  m_Father: {fileID: 224206995868810443}
  m_RootOrder: 8
  m_LocalEulerAnglesHint: {x: 0, y: 0, z: 0}
  m_AnchorMin: {x: 0.5, y: 0.5}
  m_AnchorMax: {x: 0.5, y: 0.5}
  m_AnchoredPosition: {x: -119, y: -153}
  m_SizeDelta: {x: 147, y: 45}
  m_Pivot: {x: 0.5, y: 0.5}
--- !u!222 &222339277737851026
CanvasRenderer:
  m_GameObject: {fileID: 1761178582343755}
--- !u!114 &114841500640355809
MonoBehaviour:
  m_GameObject: {fileID: 1761178582343755}
  m_Enabled: 1
  m_EditorHideFlags: 0
  m_Script: {fileID: 708705254, guid: f70555f144d8491a825f0804e09c671c, type: 3}
  m_Name:
  m_EditorClassIdentifier:
  m_Material: {fileID: 0}
  m_Color: {r: 0.5882353, g: 0.5882353, b: 0.5882353, a: 0}
  m_RaycastTarget: 1
  m_OnCullStateChanged:
    m_PersistentCalls:
      m_Calls: []
    m_TypeName: UnityEngine.UI.MaskableGraphic+CullStateChangedEvent, UnityEngine.UI, Version=1.0.0.0, Culture=neutral, PublicKeyToken=null
  m_FontData:
    m_Font: {fileID: 12800000, guid: 5cddca35a8ee91743ba295b419db2196, type: 3}
    m_FontSize: 29
    m_FontStyle: 0
    m_BestFit: 1
    m_MinSize: 20
    m_MaxSize: 29
    m_Alignment: 0
    m_RichText: 1
    m_HorizontalOverflow: 0
    m_VerticalOverflow: 0
    m_LineSpacing: 1
  m_Text: '!!FC_NIS_CHAR_DIALOG_01'
--- !u!114 &114576419886902104
MonoBehaviour:
  m_GameObject: {fileID: 1761178582343755}
  m_Enabled: 1
  m_EditorHideFlags: 0
  m_Script: {fileID: 11500000, guid: 3dbabdb6cbf9d5244bcbe1436cfbf160, type: 3}
  m_Name:
  m_EditorClassIdentifier:
--- !u!114 &114733704498245512
MonoBehaviour:
  m_GameObject: {fileID: 1761178582343755}
  m_Enabled: 1
  m_EditorHideFlags: 0
  m_Script: {fileID: 11500000, guid: a7462a6f86a1293479f96c611435dc98, type: 3}
  m_Name:
  m_EditorClassIdentifier:
  label:
  method: 0
  style: 0
  animationCurve:
    serializedVersion: 2
    m_Curve:
    - serializedVersion: 2
      time: 0
      value: 0
      inSlope: 0
      outSlope: 1
      tangentMode: 0
    - serializedVersion: 2
      time: 1
      value: 1
      inSlope: 1
      outSlope: 0
      tangentMode: 0
    m_PreInfinity: 2
    m_PostInfinity: 2
    m_RotationOrder: 0
  ignoreTimeScale: 1
  delay: 2.6
  duration: 0.2
  steeperCurves: 0
  tweenGroup: 0
  DisableInputWhileTweening: 0
  eventReceiver: {fileID: 0}
  callWhenFinished:
  from: 0
  to: 1
--- !u!114 &114267314475780329
MonoBehaviour:
  m_GameObject: {fileID: 1761178582343755}
  m_Enabled: 1
  m_EditorHideFlags: 0
  m_Script: {fileID: 11500000, guid: a7462a6f86a1293479f96c611435dc98, type: 3}
  m_Name:
  m_EditorClassIdentifier:
  label:
  method: 0
  style: 0
  animationCurve:
    serializedVersion: 2
    m_Curve:
    - serializedVersion: 2
      time: 0
      value: 0
      inSlope: 0
      outSlope: 1
      tangentMode: 0
    - serializedVersion: 2
      time: 1
      value: 1
      inSlope: 1
      outSlope: 0
      tangentMode: 0
    m_PreInfinity: 2
    m_PostInfinity: 2
    m_RotationOrder: 0
  ignoreTimeScale: 1
  delay: 3.9
  duration: 0.2
  steeperCurves: 0
  tweenGroup: 0
  DisableInputWhileTweening: 0
  eventReceiver: {fileID: 0}
  callWhenFinished:
  from: 1
  to: 0
--- !u!1 &1752957996235757
GameObject:
  serializedVersion: 5
  m_Component:
  - component: {fileID: 224054706400999441}
  - component: {fileID: 222608588956635655}
  - component: {fileID: 114396413921712468}
  - component: {fileID: 114458048378028955}
  - component: {fileID: 114876324845525368}
  - component: {fileID: 114645049674691404}
  m_Layer: 0
  m_Name: Fionna Text
  m_TagString: Untagged
  m_Icon: {fileID: 0}
  m_NavMeshLayer: 0
  m_StaticEditorFlags: 0
  m_IsActive: 1
--- !u!224 &224054706400999441
RectTransform:
  m_GameObject: {fileID: 1752957996235757}
  m_LocalRotation: {x: 0, y: 0, z: 0, w: 1}
  m_LocalPosition: {x: -113, y: -197, z: 0}
  m_LocalScale: {x: 1, y: 1, z: 1}
  m_Children: []
  m_Father: {fileID: 224206995868810443}
  m_RootOrder: 9
  m_LocalEulerAnglesHint: {x: 0, y: 0, z: 0}
  m_AnchorMin: {x: 0.5, y: 0.5}
  m_AnchorMax: {x: 0.5, y: 0.5}
  m_AnchoredPosition: {x: -113, y: -197}
  m_SizeDelta: {x: 160, y: 42}
  m_Pivot: {x: 0.5, y: 0.5}
--- !u!222 &222608588956635655
CanvasRenderer:
  m_GameObject: {fileID: 1752957996235757}
--- !u!114 &114396413921712468
MonoBehaviour:
  m_GameObject: {fileID: 1752957996235757}
  m_Enabled: 1
  m_EditorHideFlags: 0
  m_Script: {fileID: 708705254, guid: f70555f144d8491a825f0804e09c671c, type: 3}
  m_Name:
  m_EditorClassIdentifier:
  m_Material: {fileID: 0}
  m_Color: {r: 0.2431373, g: 0.2431373, b: 0.2470588, a: 0}
  m_RaycastTarget: 1
  m_OnCullStateChanged:
    m_PersistentCalls:
      m_Calls: []
    m_TypeName: UnityEngine.UI.MaskableGraphic+CullStateChangedEvent, UnityEngine.UI, Version=1.0.0.0, Culture=neutral, PublicKeyToken=null
  m_FontData:
    m_Font: {fileID: 12800000, guid: 5cddca35a8ee91743ba295b419db2196, type: 3}
    m_FontSize: 30
    m_FontStyle: 0
    m_BestFit: 1
    m_MinSize: 20
    m_MaxSize: 30
    m_Alignment: 0
    m_RichText: 1
    m_HorizontalOverflow: 0
    m_VerticalOverflow: 0
    m_LineSpacing: 1
  m_Text: '!!FC_NIS_04_DIALOG_01A'
--- !u!114 &114458048378028955
MonoBehaviour:
  m_GameObject: {fileID: 1752957996235757}
  m_Enabled: 1
  m_EditorHideFlags: 0
  m_Script: {fileID: 11500000, guid: 3dbabdb6cbf9d5244bcbe1436cfbf160, type: 3}
  m_Name:
  m_EditorClassIdentifier:
--- !u!114 &114876324845525368
MonoBehaviour:
  m_GameObject: {fileID: 1752957996235757}
  m_Enabled: 1
  m_EditorHideFlags: 0
  m_Script: {fileID: 11500000, guid: a7462a6f86a1293479f96c611435dc98, type: 3}
  m_Name:
  m_EditorClassIdentifier:
  label:
  method: 0
  style: 0
  animationCurve:
    serializedVersion: 2
    m_Curve:
    - serializedVersion: 2
      time: 0
      value: 0
      inSlope: 0
      outSlope: 1
      tangentMode: 0
    - serializedVersion: 2
      time: 1
      value: 1
      inSlope: 1
      outSlope: 0
      tangentMode: 0
    m_PreInfinity: 2
    m_PostInfinity: 2
    m_RotationOrder: 0
  ignoreTimeScale: 1
  delay: 2.6
  duration: 0.2
  steeperCurves: 0
  tweenGroup: 0
  DisableInputWhileTweening: 0
  eventReceiver: {fileID: 0}
  callWhenFinished:
  from: 0
  to: 1
--- !u!114 &114645049674691404
MonoBehaviour:
  m_GameObject: {fileID: 1752957996235757}
  m_Enabled: 1
  m_EditorHideFlags: 0
  m_Script: {fileID: 11500000, guid: a7462a6f86a1293479f96c611435dc98, type: 3}
  m_Name:
  m_EditorClassIdentifier:
  label:
  method: 0
  style: 0
  animationCurve:
    serializedVersion: 2
    m_Curve:
    - serializedVersion: 2
      time: 0
      value: 0
      inSlope: 0
      outSlope: 1
      tangentMode: 0
    - serializedVersion: 2
      time: 1
      value: 1
      inSlope: 1
      outSlope: 0
      tangentMode: 0
    m_PreInfinity: 2
    m_PostInfinity: 2
    m_RotationOrder: 0
  ignoreTimeScale: 1
  delay: 3.9
  duration: 0.2
  steeperCurves: 0
  tweenGroup: 0
  DisableInputWhileTweening: 0
  eventReceiver: {fileID: 0}
  callWhenFinished:
  from: 1
  to: 0
--- !u!1 &1236345460483470
GameObject:
  serializedVersion: 5
  m_Component:
  - component: {fileID: 224405762149812864}
  m_Layer: 9
  m_Name: Tweens
  m_TagString: Untagged
  m_Icon: {fileID: 0}
  m_NavMeshLayer: 0
  m_StaticEditorFlags: 0
  m_IsActive: 1
--- !u!224 &224405762149812864
RectTransform:
  m_GameObject: {fileID: 1236345460483470}
  m_LocalRotation: {x: 0, y: 0, z: 0, w: 1}
  m_LocalPosition: {x: 0, y: 0, z: 0}
  m_LocalScale: {x: 1, y: 1, z: 1}
  m_Children:
  - {fileID: 224330140712846034}
  - {fileID: 224586429467476023}
  - {fileID: 224832462055323311}
  m_Father: {fileID: 224109291623420325}
  m_RootOrder: 1
  m_LocalEulerAnglesHint: {x: 0, y: 0, z: 0}
  m_AnchorMin: {x: 0.5, y: 0.5}
  m_AnchorMax: {x: 0.5, y: 0.5}
  m_AnchoredPosition: {x: 0, y: 0}
  m_SizeDelta: {x: 100, y: 100}
  m_Pivot: {x: 0.5, y: 0.5}
--- !u!1 &1930188732783981
GameObject:
  serializedVersion: 5
  m_Component:
  - component: {fileID: 224330140712846034}
  - component: {fileID: 114192035299997020}
  m_Layer: 9
  m_Name: TweenMusic
  m_TagString: Untagged
  m_Icon: {fileID: 0}
  m_NavMeshLayer: 0
  m_StaticEditorFlags: 0
  m_IsActive: 1
--- !u!224 &224330140712846034
RectTransform:
  m_GameObject: {fileID: 1930188732783981}
  m_LocalRotation: {x: 0, y: 0, z: 0, w: 1}
  m_LocalPosition: {x: 0, y: -3.814697E-06, z: 0}
  m_LocalScale: {x: 1, y: 1, z: 1}
  m_Children: []
  m_Father: {fileID: 224405762149812864}
  m_RootOrder: 0
  m_LocalEulerAnglesHint: {x: 0, y: 0, z: 0}
  m_AnchorMin: {x: 0.5, y: 0.5}
  m_AnchorMax: {x: 0.5, y: 0.5}
  m_AnchoredPosition: {x: 0, y: -5.483627E-06}
  m_SizeDelta: {x: 100, y: 100}
  m_Pivot: {x: 0.5, y: 0.5}
--- !u!114 &114192035299997020
MonoBehaviour:
  m_GameObject: {fileID: 1930188732783981}
  m_Enabled: 1
  m_EditorHideFlags: 0
  m_Script: {fileID: 11500000, guid: 225b25f707642af4ca04feac401f7df6, type: 3}
  m_Name:
  m_EditorClassIdentifier:
  playDelaySecs: 0
  toggleMusicOnPlay: 0
  target: {fileID: 82079112052338994}
  autoPlay: 0
--- !u!1 &1129466376133596
GameObject:
  serializedVersion: 5
  m_Component:
  - component: {fileID: 224586429467476023}
  - component: {fileID: 114442030778452120}
  - component: {fileID: 114573817435525397}
  m_Layer: 9
  m_Name: TweenPanel01
  m_TagString: Untagged
  m_Icon: {fileID: 0}
  m_NavMeshLayer: 0
  m_StaticEditorFlags: 0
  m_IsActive: 1
--- !u!224 &224586429467476023
RectTransform:
  m_GameObject: {fileID: 1129466376133596}
  m_LocalRotation: {x: 0, y: 0, z: 0, w: 1}
  m_LocalPosition: {x: 0, y: 0, z: 0}
  m_LocalScale: {x: 1, y: 1, z: 1}
  m_Children: []
  m_Father: {fileID: 224405762149812864}
  m_RootOrder: 1
  m_LocalEulerAnglesHint: {x: 0, y: 0, z: 0}
  m_AnchorMin: {x: 0.5, y: 0.5}
  m_AnchorMax: {x: 0.5, y: 0.5}
  m_AnchoredPosition: {x: 0, y: 0}
  m_SizeDelta: {x: 100, y: 100}
  m_Pivot: {x: 0.5, y: 0.5}
--- !u!114 &114442030778452120
MonoBehaviour:
  m_GameObject: {fileID: 1129466376133596}
  m_Enabled: 1
  m_EditorHideFlags: 0
  m_Script: {fileID: 11500000, guid: 0e802a3787514fd45bc1e6e655c6906a, type: 3}
  m_Name:
  m_EditorClassIdentifier:
  label:
  tweenTarget: {fileID: 1523803998432815}
  tweenGroup: 0
  trigger: 0
  playDirection: 1
  resetOnPlay: 0
  ifDisabledOnPlay: 1
  disableWhenFinished: 0
  includeChildren: 0
  eventReceiver: {fileID: 0}
  callWhenFinished:
--- !u!114 &114573817435525397
MonoBehaviour:
  m_GameObject: {fileID: 1129466376133596}
  m_Enabled: 1
  m_EditorHideFlags: 0
  m_Script: {fileID: 11500000, guid: 952d3a17ec9181e45b3adeedec059117, type: 3}
  m_Name:
  m_EditorClassIdentifier:
  playDelaySecs: 0
  completionDelaySecs: 0
  skipPromptDelaySecs: 2.5
  reverse: 0
  waitForClick: 1
  target: {fileID: 0}
--- !u!1 &1829237186470245
GameObject:
  serializedVersion: 5
  m_Component:
  - component: {fileID: 224832462055323311}
  - component: {fileID: 82079112052338994}
  m_Layer: 9
  m_Name: Music
  m_TagString: Untagged
  m_Icon: {fileID: 0}
  m_NavMeshLayer: 0
  m_StaticEditorFlags: 0
  m_IsActive: 1
--- !u!224 &224832462055323311
RectTransform:
  m_GameObject: {fileID: 1829237186470245}
  m_LocalRotation: {x: 0, y: 0, z: 0, w: 1}
  m_LocalPosition: {x: 0, y: 0, z: 0}
  m_LocalScale: {x: 1, y: 1, z: 1}
  m_Children: []
  m_Father: {fileID: 224405762149812864}
  m_RootOrder: 2
  m_LocalEulerAnglesHint: {x: 0, y: 0, z: 0}
  m_AnchorMin: {x: 0.5, y: 0.5}
  m_AnchorMax: {x: 0.5, y: 0.5}
  m_AnchoredPosition: {x: 0, y: 2.384186E-07}
  m_SizeDelta: {x: 100, y: 100}
  m_Pivot: {x: 0.5, y: 0.5}
--- !u!82 &82079112052338994
AudioSource:
  m_GameObject: {fileID: 1829237186470245}
  m_Enabled: 1
  serializedVersion: 4
  OutputAudioMixerGroup: {fileID: 0}
  m_audioClip: {fileID: 8300000, guid: bb00b5fe1e9a79a4fbcf558becad657d, type: 3}
  m_PlayOnAwake: 0
  m_Volume: 1
  m_Pitch: 1
  Loop: 1
  Mute: 0
  Spatialize: 0
  SpatializePostEffects: 0
  Priority: 128
  DopplerLevel: 1
  MinDistance: 1
  MaxDistance: 500
  Pan2D: 0
  rolloffMode: 0
  BypassEffects: 0
  BypassListenerEffects: 0
  BypassReverbZones: 0
  rolloffCustomCurve:
    serializedVersion: 2
    m_Curve:
    - serializedVersion: 2
      time: 0
      value: 1
      inSlope: 0
      outSlope: 0
      tangentMode: 0
    - serializedVersion: 2
      time: 1
      value: 0
      inSlope: 0
      outSlope: 0
      tangentMode: 0
    m_PreInfinity: 2
    m_PostInfinity: 2
    m_RotationOrder: 0
  panLevelCustomCurve:
    serializedVersion: 2
    m_Curve:
    - serializedVersion: 2
      time: 0
      value: 0
      inSlope: 0
      outSlope: 0
      tangentMode: 0
    m_PreInfinity: 2
    m_PostInfinity: 2
    m_RotationOrder: 0
  spreadCustomCurve:
    serializedVersion: 2
    m_Curve:
    - serializedVersion: 2
      time: 0
      value: 0
      inSlope: 0
      outSlope: 0
      tangentMode: 0
    m_PreInfinity: 2
    m_PostInfinity: 2
    m_RotationOrder: 0
  reverbZoneMixCustomCurve:
    serializedVersion: 2
    m_Curve:
    - serializedVersion: 2
      time: 0
      value: 0
      inSlope: 0
      outSlope: 0
      tangentMode: 0
    m_PreInfinity: 2
    m_PostInfinity: 2
    m_RotationOrder: 0
